
@book{hastik_bilddaten_2020,
	series = {Episteme},
	title = {Bilddaten in den {Digitalen} {Geisteswissenschaften}},
	copyright = {Open Access},
	isbn = {978-3-447-11460-8},
	url = {https://www.harrassowitz-verlag.de/isbn_9783447114608.ahtml},
	language = {Deutsch},
	number = {16},
	urldate = {2021-05-24},
	publisher = {Harrassowitz Verlag},
	author = {Hastik, Canan and Hegel, Philipp},
	month = nov,
	year = {2020},
	keywords = {Digitalisierung, Digital Humanities, DH, Digitale Geisteswissenschaft, Kunstgeschichte, Architektur, Bilderverarbeitung, Digitale Bilder, Medienwissenschaft},
}

@book{carlson_data_2015,
	title = {Data {Information} {Literacy}. {Librarians}, {Data} and the {Education} of a {New} {Generation} of {Researchers}},
	isbn = {978-1-55753-696-9 978-1-61249-351-0},
	url = {https://library.oapen.org/bitstream/handle/20.500.12657/31585/626975.pdf;jsessionid=D3CFB1D1DD8A3ECAD236B08D59EF5028?sequence=1},
	publisher = {Purude Information Literacy Handbooks},
	author = {Carlson, Jake and Johnston, Lisa R.},
	year = {2015},
}

@incollection{schwandt_digital_2021,
	title = {Digital {Methods} in the {Humanities}: {Challenges}, {Ideas}, {Perspectives}},
	copyright = {Open Access},
	isbn = {978-3-8394-5419-0},
	url = {https://doi.org/10.14361/9783839454190},
	language = {englisch},
	booktitle = {Digital {Humanities} {Research}},
	publisher = {Bielefeld University Press, transcript},
	author = {Schwandt, Silke},
	month = jan,
	year = {2021},
}

@book{losh_bodies_2018,
	address = {Minneapolis, Minn. ; London},
	title = {Bodies of information : intersectional feminism and digital humanities},
	isbn = {978-1-5179-0610-8 (HC), 978-1-5179-0611-5 PB)},
	shorttitle = {Bodies of {Information}},
	url = {https://www.upress.umn.edu/book-division/books/bodies-of-information},
	language = {Englisch},
	urldate = {2021-05-24},
	publisher = {University of Minnesota Press},
	author = {Losh, Elizabeth and Wernimont, Jacqueline},
	year = {2018},
	keywords = {Feminismus, Digital Humanities, Feminism, DH, Digitale Geisteswissenschaft, Gender and Sexuality, Intersektionaler Feminismus},
}

@book{eve_close_2019,
	address = {Stanford, California},
	title = {Close reading with computers : textual scholarship, computational formalism, and {David} {Mitchell}'s {Cloud} {Atlas}},
	isbn = {9781503606999 (HC), 9781503609365 (PB)},
	shorttitle = {Close reading with computers},
	url = {https://www.sup.org/books/title/?id=30253},
	language = {Englisch},
	publisher = {Stanford University Press},
	author = {Eve, Martin Paul},
	month = jun,
	year = {2019},
	keywords = {Digital Humanities, DH, Close Reading, Computerlinguistik, Text Kritik},
}

@book{baird_data_2021,
	title = {Data {Visualization} in {Enlightenment} {Literature} and {Culture}},
	isbn = {978-3-030-54912-1},
	url = {https://link.springer.com/book/10.1007%2F978-3-030-54913-8},
	language = {Englisch},
	urldate = {2021-05-22},
	publisher = {Palgrave Macmillan},
	author = {Baird, Ileana},
	month = mar,
	year = {2021},
	keywords = {Digital Humanities, DH, Literaturwissenschaft, Aufklärung, Data Vizualization, Datenvisualisierung, Enlightment Literature},
}

@book{blockwinkel_digital_2018,
	address = {Berlin},
	series = {Digitalisierung und {Globalisierung} der {Wissenschaften}},
	title = {Digital humanities : {Perspektiven} der {Praxis}},
	isbn = {3-7329-0284-6 978-3-7329-0284-2},
	url = {https://www.frank-timme.de/verlag/verlagsprogramm/buch/verlagsprogramm/peggy-bockwinkelbeatrice-nickelgabriel-viehhauser-hg-digital-humanities-2/backPID/digitalisierung-und-globalisierung-der-wissenschaften-1.html},
	number = {1},
	urldate = {2021-05-24},
	publisher = {Frank \& Timme, Verlag für wissenschaftliche Literatur},
	author = {Blockwinkel, Peggy and Nickel, Beatrice and Viehhauser-Mery, Gabriel},
	year = {2018},
}

@incollection{oberhoff_digitale_2021,
	title = {Digitale {Editionen} im {Spannungsfeld} des {Medienwechsels}: {Analysen} und {Lösungsstrategien} aus {Sicht} der {Informatik}},
	copyright = {Open Access},
	isbn = {978-3-8394-5905-8},
	shorttitle = {Digitale {Editionen} im {Spannungsfeld} des {Medienwechsels}},
	url = {https://www.degruyter.com/document/isbn/9783839459058/html},
	language = {deutsch},
	urldate = {2021-05-19},
	booktitle = {Digital {Humanities} {Research}},
	publisher = {Bielefeld University Press, transcript},
	author = {Oberhoff, Andreas},
	month = oct,
	year = {2021},
	pages = {320},
}

@book{schenk_digitale_2020,
	title = {Digitale {Fachdidaktiken} in den {Kulturwissenschaften}},
	copyright = {CC-BY-NC-ND 4.0 International - Creative Commons, Namensnennung, nicht kommerziell, keine Bearbeitung.},
	url = {10.25534/tuprints-00014514},
	language = {deutsch},
	urldate = {2021-05-19},
	publisher = {TU Darmstadt ULB},
	author = {Schenk, Gerrit Jasper},
	month = nov,
	year = {2020},
}

@book{steen_diskurs_2019,
	address = {Berlin ; Boston},
	series = {Sprache und {Wissen}},
	title = {Diskurs der {Daten} : {Qualitative} {Zugänge} zu einem quantitativen {Phänomen}},
	isbn = {9783110607307 (HC), 9783110736458 (PB)},
	url = {https://www.degruyter.com/document/doi/10.1515/9783110609103/html},
	language = {Deutsch},
	number = {38},
	publisher = {De Gruyter},
	author = {Steen, Pamela and Liedtke, Frank},
	month = mar,
	year = {2019},
	keywords = {Digitale Daten, Digital Humanities, DH, Big Data, Neue Medien},
}

@book{schruhl_formationen_2020,
	address = {Göttingen},
	series = {Digilit : {Literatur} und {Literaturvermittlung} im {Zeitalter} der {Digitalisierung}},
	title = {Formationen der {Praxis} : {Studien} zu {Darstellungsformen} von {Digital} {Humanities} und {Literaturwissenschaft}},
	isbn = {9783847110958 \& 3847110950},
	url = {https://www.vandenhoeck-ruprecht-verlage.com/themen-entdecken/literatur-sprach-und-kulturwissenschaften/germanistik/neuere-deutsche-literaturwissenschaft/54962/formationen-der-praxis},
	language = {Deutsch},
	number = {2},
	publisher = {V\&R unipress},
	author = {Schruhl, Friederike},
	year = {2020},
	keywords = {Digital Humanities, Digitale Geisteswissenschaft, Literaturwissenschaft},
}

@book{turner_counterculture_2006,
	title = {From {Counterculture} to {Cyberculture}: {Stewart} {Brand}, the {Whole} {Earth} {Network}, and the {Rise} of {Digital} {Utopianism}},
	isbn = {9780226817422, 9780226817415 \& 9780226817439},
	shorttitle = {From {Counterculture} to {Cyberculture}},
	url = {https://press.uchicago.edu/ucp/books/book/chicago/F/bo3773600.html},
	language = {englisch},
	publisher = {The University of Chicago Press},
	author = {Turner, Fred},
	month = sep,
	year = {2006},
	keywords = {Kultur, culture, Cyber, cyberculture, Digital Utopianism, Digitale Utopie},
}

@book{wachter_geschichte_2021,
	title = {Geschichte digital schreiben: {Hypertext} als non-lineare {Wissensrepräsentation} in der {Digital} {History}},
	isbn = {978-3-8376-5801-9},
	language = {deutsch},
	urldate = {2021-05-19},
	publisher = {transcript},
	author = {Wachter, Christian},
	month = aug,
	year = {2021},
	keywords = {Geschichte, Interdisziplinarität, History, Digital Humanities, DH, Digitale Geschichtsschreibung},
}

@book{karsdorp_humanities_2021,
	title = {Humanities {Data} {Analysis}: {Case} {Studies} with {Python}},
	isbn = {978-0-691-17236-1},
	shorttitle = {Humanities {Data} {Analysis}},
	url = {https://press.princeton.edu/books/hardcover/9780691172361/humanities-data-analysis},
	language = {englisch},
	urldate = {2021-05-19},
	publisher = {Princeton University Press},
	author = {Karsdorp, Folgert and Kestemont,, Mike and Riddell, Allen},
	month = jan,
	year = {2021},
	keywords = {Digital Humanities, Data Analysis, Humanities Data Analysis, Python},
}

@book{grigar_electronic_2021,
	edition = {1st},
	series = {Electronic {Literature}},
	title = {Electronic literature as digital humanities : contexts, forms, \& practices},
	isbn = {978-1-5013-6350-4},
	url = {https://www.bloomsbury.com/us/electronic-literature-as-digital-humanities-9781501363504/},
	urldate = {2021-05-24},
	publisher = {Bloomsbury},
	author = {Grigar, Dene and O'Sullivan, James},
	month = jan,
	year = {2021},
}

@book{kokensparger_guide_2018,
	title = {Guide to {Programming} for the {Digital} {Humanities}: {Lessons} for {Introductory} {Python}},
	isbn = {978-3-319-99114-6},
	url = {https://www.springer.com/de/book/9783319991146#reviews},
	language = {englisch},
	urldate = {2021-05-19},
	publisher = {Springer Verlag},
	author = {Kokensparger, Brian},
	month = sep,
	year = {2018},
	keywords = {digital humanities, Digital Humanities Assignments, digitale geisteswissenschaften, programming, python, python course},
}

@book{abbate_inventing_1999,
	title = {Inventing the {Internet}},
	isbn = {9780262011723 (HC) \& 9780262511155 (PB)},
	url = {https://mitpress.mit.edu/books/inventing-internet},
	language = {englisch},
	publisher = {MIT Press},
	author = {Abbate, Janet},
	month = jun,
	year = {1999},
	keywords = {Internet, Digital Culture, World wide web},
}

@book{mcaleer_balkun_transformative_2020,
	series = {Digital {Research} in the {Arts} and {Humanities}},
	title = {Transformative {Digital} {Humanities}: {Challenges} and {Opportunities}},
	isbn = {9780367023751 (HC)},
	url = {https://www.routledge.com/Transformative-Digital-Humanities-Challenges-and-Opportunities/Balkun-Deyrup/p/book/9780367023751},
	language = {Englisch},
	urldate = {2021-05-24},
	publisher = {Routledge, Taylor \& Francis Group},
	author = {McAleer Balkun, Mary and Mestrovic Deyrup, Marta},
	month = may,
	year = {2020},
}

@book{putnings_praxishandbuch_2021,
	title = {Praxishandbuch {Forschungsdatenmanagement}},
	copyright = {Open Access},
	isbn = {9783110657807 \& 9783110653656},
	url = {https://doi.org/10.1515/9783110657807},
	language = {deutsch},
	urldate = {2021-05-19},
	publisher = {De Gruyter Saur},
	author = {Putnings, Markus and Neuroth, Heike and Neumann, Janna},
	month = jan,
	year = {2021},
	keywords = {Forschungsdaten, Forschungsdatenmanagement, Daten, Datalebe, Datenlebenszyklus, FDM, Handbuch, Praxis},
}

@book{flanders_shape_2018,
	address = {London ; New York},
	series = {Digital {Research} in the {Arts} and {Humanities}},
	title = {The {Shape} of {Data} in {Digital} {Humanities} {Modeling} {Texts} and {Text}-based {Resources}},
	isbn = {9781138083509 (HC), 9780367584030 (PB)},
	url = {https://www.routledge.com/The-Shape-of-Data-in-Digital-Humanities-Modeling-Texts-and-Text-based-Resources/Flanders-Jannidis/p/book/9780367584030},
	language = {Englisch},
	urldate = {2021-05-24},
	publisher = {Routledge, Taylor \& Francis Group},
	author = {Flanders, Julia and Jannidis, Fotis},
	month = oct,
	year = {2018},
}

@book{miller_understanding_2020,
	edition = {2nd},
	title = {Understanding {Digital} {Culture}},
	isbn = {9781473993877 \& 9781473993860},
	url = {https://uk.sagepub.com/en-gb/eur/understanding-digital-culture/book252120#contents},
	language = {englisch},
	publisher = {SAGE Publications Ltd},
	author = {Miller, Vincent},
	month = mar,
	year = {2020},
	keywords = {Kultur, Digital Humanities, Digitale Geisteswissenschaft, Digital Culture, Digital Age, Digital Identity, Digitale Identität, Digitale Kultur, Virtual Communities},
}

@incollection{kahn_understanding_2005,
	title = {Understanding enquiry-based learning},
	url = {http://citeseerx.ist.psu.edu/viewdoc/download?doi=10.1.1.461.5829&rep=rep1&type=pdf},
	booktitle = {Handbook of {Enquiry} \& {Problem} {Based} {Learning}. {Irish} {Case} {Studies} and {International} {Perspectives}},
	author = {Kahn, Peter and O’Rourke, Karen},
	year = {2005},
}

@book{anderson_xquery_2020,
	title = {{XQuery} for {Humanists}},
	isbn = {978-1-62349-829-0},
	url = {https://www.tamupress.com/book/9781623498290/xquery-for-humanists/},
	language = {englisch},
	urldate = {2021-05-19},
	publisher = {Texas A\&M University Press},
	author = {Anderson, Clifford B. and Wicentowski, Joseph C.},
	month = dec,
	year = {2020},
}

@book{hastik_bilddaten_2020-1,
	series = {Episteme in {Bewegung}. {Beiträge} zu einer transdisziplinären {Wissensgeschichte}},
	title = {Bilddaten in den {Digitalen} {Geisteswissenschaften}},
	volume = {16},
	isbn = {978-3-447-11460-8},
	url = {https://www.harrassowitz-verlag.de/isbn_9783447114608.ahtml},
	urldate = {2021-01-05},
	publisher = {Harrassowitz Verlag},
	editor = {Hastik, Canan and Hegel, Philipp and Uhlmann, Gyburg},
	year = {2020},
	doi = {10.13173/9783447114608},
}

@book{karsdorp_humanities_2021-1,
	address = {Princeton},
	title = {Humanities data analysis: case studies with {Python}},
	isbn = {978-0-691-17236-1},
	shorttitle = {Humanities data analysis},
	abstract = {"The use of quantitative methods in the humanities and related social sciences has increased considerably in recent years, allowing researchers to discover patterns in a vast range of source materials. Despite this growth, there are few resources addressed to students and scholars who wish to take advantage of these powerful tools. Humanities Data Analysis offers the first intermediate-level guide to quantitative data analysis for humanities students and scholars using the Python programming language. This practical textbook, which assumes a basic knowledge of Python, teaches readers the necessary skills for conducting humanities research in the rapidly developing digital environment. The book begins with an overview of the place of data science in the humanities, and proceeds to cover data carpentry: the essential techniques for gathering, cleaning, representing, and transforming textual and tabular data. Then, drawing from real-world, publicly available data sets that cover a variety of scholarly domains, the book delves into detailed case studies. Focusing on textual data analysis, the authors explore such diverse topics as network analysis, genre theory, onomastics, literacy, author attribution, mapping, stylometry, topic modeling, and time series analysis. Exercises and resources for further reading are provided at the end of each chapter. An ideal resource for humanities students and scholars aiming to take their Python skills to the next level, Humanities Data Analysis illustrates the benefits that quantitative methods can bring to complex research questions. Appropriate for advanced undergraduates, graduate students, and scholars with a basic knowledge of Python. Applicable to many humanities disciplines, including history, literature, and sociology. Offers real-world case studies using publicly available data sets. Provides exercises at the end of each chapter for students to test acquired skills. Emphasizes visual storytelling via data visualizations"--},
	publisher = {Princeton University Press},
	author = {Karsdorp, Folgert and Kestemont, Mike and Riddell, Allen},
	year = {2021},
	keywords = {Research Methodology, Data processing, Social sciences, Humanities, Python (Computer program language), Quantitative research},
}

@article{cremer_chimare_2018,
	title = {Der {Chimäre} auf der {Spur}: {Forschungsdaten} in den {Geisteswissenschaften}},
	copyright = {Creative Commons Attribution 4.0 International},
	shorttitle = {Der {Chimäre} auf der {Spur}},
	url = {https://www.o-bib.de/article/view/2018H2S142-162},
	doi = {10.5282/O-BIB/2018H2S142-162},
	abstract = {Forschungsdaten nehmen in den Geistes- und Kulturwissenschaften eine immer wichtigere Rolle im Forschungsprozess ein. Doch dieser Vorgang ist nicht frei von Widersprüchen und Missverständnissen – das aus den Naturwissenschaften stammende Konzept „Forschungsdaten“ kann nur bedingt auf traditionelle Arbeitsverfahren in den Geisteswissenschaften übertragen werden. Der vorliegende Beitrag thematisiert anhand der Spezifika geisteswissenschaftlicher Forschungsdaten das Spannungsverhältnis zwischen Relevanz und Wahrnehmung bei den Forschenden sowie zwischen Konzeption und Umsetzung im Forschungsalltag. Research data is getting more and more important in the humanities and cultural studies and now plays an important role in the research process. But contradictions and misunderstandings are also part of this development. The concept of research data comes from the sciences, and can only be transferred to the traditional scholarly methods of the humanities to a limited degree. Based on the specifics of research data in the humanities, the article deals with the tensions between relevance and familiarity among the researchers as well as between the conception and implementation in the research process.},
	language = {de},
	urldate = {2023-02-21},
	journal = {o-bib. Das offene Bibliotheksjournal / Herausgeber VDB},
	author = {Cremer, Fabian and Klaffki, Lisa and Steyer, Timo},
	month = jul,
	year = {2018},
	note = {Artwork Size: 142-162 Seiten
Publisher: o-bib. Das offene Bibliotheksjournal / Herausgeber VDB},
	keywords = {Q1},
	pages = {142--162 Seiten},
}

@article{helling_beratungsworkflow_2018,
	title = {Der {Beratungsworkflow} des {Data} {Center} for the {Humanities} ({DCH}) an der {Universität} zu {Köln}},
	copyright = {Creative Commons Attribution 4.0 International},
	url = {https://www.o-bib.de/article/view/5411},
	doi = {10.5282/O-BIB/2018H4S248-261},
	abstract = {Geisteswissenschaftliche Forschungsdaten weisen eine enorme Heterogenität auf. Entsprechend divers sind die Bedürfnisse und Anforderungen an geisteswissenschaftliches Forschungsdatenmanagement. Diese Diversität stellt für universitäre Datenzentren, die in diesem Rahmen häufig die erste zentrale Anlaufstelle für Forscher/innen sind, eine große Herausforderung dar. Die Etablierung von technischen und Verfahrensstandards spielen daher eine zentrale Rolle bei der Schaffung von Forschungsinfrastrukturen für die Geisteswissenschaften. Die Anforderungen des geisteswissenschaftlichen Forschungsdatenmanagements können in der Breite jedoch nur im Verbund bedient werden und erfordern eine enge Vernetzung zwischen verschiedenen Forschungsdatenzentren mit komplementärem Profil. In diesem Artikel wird das Data Center for the Humanities (DCH) der Philosophischen Fakultät der Universität zu Köln vorgestellt. Im Mittelpunkt stehen dabei der generisch-formalisierte Beratungsworkflow des Datenzentrums und seine Einbettung in lokale, regionale, nationale und internationale Verbünde und Netzwerke.},
	language = {de},
	urldate = {2023-02-21},
	journal = {o-bib. Das offene Bibliotheksjournal / Herausgeber VDB},
	author = {Helling, Patrick and Blumtritt, Jonathan and Mathiak, Brigitte},
	month = dec,
	year = {2018},
	note = {Artwork Size: 248-261 Seiten
Publisher: o-bib. Das offene Bibliotheksjournal / Herausgeber VDB},
	keywords = {Q1},
	pages = {248--261 Seiten},
}

@article{witt_forschungsdatenmanagement_2018,
	title = {Forschungsdatenmanagement in den {Geisteswissenschaften} an der {Universität} zu {Köln}},
	copyright = {Creative Commons Attribution 4.0 International},
	url = {https://www.o-bib.de/article/view/5369},
	doi = {10.5282/O-BIB/2018H3S104-117},
	abstract = {Die Bedeutung von Forschungsdatenmanagement im wissenschaftspolitischen Diskurs und im wissenschaftlichen Arbeitsalltag nimmt stetig zu. Nationale und internationale Forschungsinfrastrukturen, Verbünde, disziplinäre Datenzentren und institutionelle Kompetenzzentren nähern sich den Herausforderungen aus unterschiedlichen Perspektiven. Dieser Beitrag stellt das Data Center for the Humanities an der Universität zu Köln als Beispiel für ein universitäres Datenzentrum mit fachlicher Spezialisierung auf die Geisteswissenschaften vor.},
	language = {de},
	urldate = {2023-02-21},
	journal = {o-bib. Das offene Bibliotheksjournal / Herausgeber VDB},
	author = {Witt, Andreas and Blumtritt, Jonathan and Helling, Patrick and Mathiak, Brigitte and Rau, Felix},
	month = sep,
	year = {2018},
	note = {Artwork Size: 104-117 Seiten
Publisher: o-bib. Das offene Bibliotheksjournal / Herausgeber VDB},
	keywords = {Q1},
	pages = {104--117 Seiten},
}

@article{helling_patrick_structuring_2022,
	title = {Structuring the {Management} of {Research} {Data} - {Reflections} on {Requirements} and {Service} {Concepts} in {Research} {Data} {Management} in the {Humanities}},
	copyright = {Creative Commons Attribution 4.0 International, Open Access},
	url = {https://zenodo.org/record/6966939},
	doi = {10.5281/ZENODO.6966939},
	abstract = {Making research data findable, accessible, interoperable, and reusable in the sense of the FAIR Principles is a substantial aspect of good research practice. Fulfilling this goal is a central task for both researchers and research data management (RDM) competence centers. A formal model that describes the structures, processes, and conditions at the core of RDM practice from both the perspectives of the researcher and the data manager does not seem to exist yet. In this paper, I will present a new approach to the definition of RDM requirements of researchers and service workflows within the Humanities by qualitatively analyzing RDM counseling protocols produced by an RDM competence center in Germany.},
	urldate = {2023-02-21},
	author = {Helling, Patrick},
	month = aug,
	year = {2022},
	note = {Publisher: Zenodo},
	keywords = {Q1, DH 2022, FAIR, RDM, Research Data Management, Workflow},
}

@article{rau_felix_dienstekatalog_2022,
	title = {Der {Dienstekatalog} der {AG} {Datenzentren} - {Ein} digitales {Verzeichnis} für {Forschungsdatenmanagement}-{Services} in den {Geisteswissenschaften}},
	copyright = {Creative Commons Attribution 4.0 International, Open Access},
	url = {https://zenodo.org/record/6328019},
	doi = {10.5281/ZENODO.6328019},
	abstract = {"Die langfristige Sicherung, Verfügbarkeit und Nachnutzbarkeit von Forschungsdaten im Sinne der FAIR-Prinzipien ist ein wesentlicher Bestandteil guter wissenschaftlicher Praxis und nicht erst seit den Bestrebungen hin zu einer Nationalen Forschungsdateninfrastruktur (NFDI) ein wichtiger Motor wissenschaftlichen Fortschritts. Die Bedienung fachspezifischer Forschungsdatenmanagement-Bedarfe (FDM) in den Geisteswissenschaften übernehmen u.a. die Mitgliedsinstitutionen der DHd-AG Datenzentren. Die Arbeitsgruppe besteht aus insgesamt 28 Datenzentren und Interessensvertreter*innen, von denen 16 Einrichtungen über FDM-Servicestrukturen verfügen. Sie ergänzen das Forschungsdatenmanagement an ihren Standorten und darüber hinaus um ein geisteswissenschaftliches Profil und erarbeiten passgenaue Lösungsstrategien für die heterogene Forschungs- und Datenlandschaft der Geisteswissenschaften. Um die Sichtbarkeit und Erreichbarkeit einzelner AG-Datenzentren und ihrer FDM-Services zu verbessern, hat die Arbeitsgruppe einen gemeinsamen Dienstekatalog entwickelt, der als durchsuchbare Website verfügbar gemacht wurde und mit dieser Postereinreichung vorgestellt werden soll." Ein Beitrag zur 8. Tagung des Verbands "Digital Humanities im deutschsprachigen Raum" - DHd 2022 Kulturen des digitalen Gedächtnisses.},
	urldate = {2023-02-21},
	author = {Rau, Felix and Helling, Patrick},
	collaborator = {Geierhos, Michaela and Trilcke, Peer and Börner, Ingo and Seifert, Sabine and Busch, Anna and Helling, Patrick},
	month = mar,
	year = {2022},
	note = {Publisher: Zenodo},
	keywords = {Datenmanagement, Forschungsdatenmanagement, Daten, Digital Humanities, FDM, Q1, AG Datenzentren, Community-Bildung, DHd2022, Dienstekatalog, Infrastruktur, Kommunikation},
}

@article{helling_forschungsdatenmanagement_2018,
	title = {Forschungsdatenmanagement in den {Geisteswissenschaften} – der {Dienstekatalog} der {AG}-{Datenzentren} des {Verbands} „{Digital} {Humanities} im deutschsprachigen {Raum}“ ({DHd})},
	volume = {38},
	issn = {2191-4664, 0720-6763},
	url = {https://www.degruyter.com/document/doi/10.1515/abitech-2018-3006/html},
	doi = {10.1515/abitech-2018-3006},
	abstract = {Die Heterogenität der Forschungsdatenlandschaft innerhalb der Geisteswissenschaften verhindert eine generische und zentralisierte Umsetzung von Forschungsdatenmanagement. Die Arbeitsgruppe der Datenzentren im Verband „Digital Humanities im deutschsprachigen Raum“ (DHd) ist ein Zusammenschluss von insgesamt 22 Institutionen, die forschungsnah allgemeine Services und hochspezialisierte Dienstleistungen im Bereich Forschungsdatenmanagement für die Geisteswissenschaften anbieten. Mit der Entwicklung des Dienstekatalogs der AG haben die Mitglieder eine zentrale Anlaufstelle zum gesamten Angebotsspektrum aller AG-Mitglieder geschaffen, die eine bessere Auffindbarkeit der Zentren und Services sowie ein zielgerichteteres Forschungsdatenmanagement gewährleisten soll.},
	language = {en},
	number = {3},
	urldate = {2023-02-21},
	journal = {ABI Technik},
	author = {Helling, Patrick and Moeller, Katrin and Mathiak, Brigitte},
	month = sep,
	year = {2018},
	keywords = {Q1},
	pages = {251--261},
}

@article{vock_evaluation_2019,
	title = {Evaluation der {FDM}-{Beratung} 2019: {Projektbericht} 4.2: {Evaluation} des {Beratungsangebots} der {Kontaktstelle} {Forschungsdatenmanagement} ({KS} {FDM}) an der {Friedrich}-{Schiller}-{Universität} {Jena}},
	shorttitle = {Evaluation der {FDM}-{Beratung} 2019},
	url = {https://www.db-thueringen.de/receive/dbt_mods_00040382},
	doi = {10.22032/DBT.40382},
	abstract = {Seit Anfang 2015 ist an der Friedrich-Schiller-Universität (FSU) Jena die Kontaktstelle Forschungsdatenmanagement (KS FDM) der zentrale Anlaufpunkt für alle Fragen des Forschungsdatenmanagements (FDM), welche die Forscher/innen, Projekte, Institute, Lehrstühle oder andere Einrichtungen, denen sich solche Anforderungen stellen, nicht selbständig erfüllen können. Die KS FDM stellt in diesem Themenkreis daher zahlreiche Angebot bereit, um die Forschungspraxis im Umgang mit FDM zu unterstützen; sie vertritt die FDM-Thematik aber auch durch eigene Initiativen innerhalb und außerhalb der FSU. Das Leistungsangebot der Kontaktstelle gliedert sich in fünf Bereiche. Es beinhaltet die Information über FDM-Themen, die FDM-Beratung, die Personalqualifizierung für den Umgang mit FDM, die Durchführung von Forschungs- und Entwicklungsprojekten mit FDM-Bezug sowie die Verbreitung von Erkenntnissen über die fortschreitende Entwicklung von FDM in Wissenschaft und Praxis. Im Rahmen des an der Kontaktstelle von 2017 bis 2019 durchgeführten Forschungsprojekts „Aufbau eines effektiven und effizienten Forschungsdatenmanagements“ – eeFDM (gefördert durch das Bundesministerium für Bildung und Forschung) wurde die FDM-Beratung der Kontaktstelle einer umfassenden (Selbst-)Evaluierung unterzogen. Hierzu wurden die internen Informationen zu den bisherigen Beratungsfällen ausgewertet, sodann wurde eine Online-Befragung bei den früheren Ratsuchenden durchgeführt, die die FDM-Beratung bereits in Anspruch genommen haben. Der vorliegende Bericht präsentiert in seinem Hauptteil die Dokumentation von Ausgangslage, Durchführung und Ergebnissen der Evaluation, ergänzt durch eine Zusammenfassung sowie Schlussfolgerungen und Empfehlungen für die zukünftige Ausrichtung der FDM-Beratung. Der Anhang enthält detaillierte statistische Auswertungen der Online-Befragung, die Erhebungsmaterialien sowie einen Vorschlag zur Weiterentwicklung des internen Beratungstools FDM-Log. Inhaltlich hat die Evaluation gezeigt, dass das FDM-Beratungsangebot der Kontaktstelle zunehmend genutzt wird, pro Semester gehen zur Zeit 20-30 Anfragen mit FDM-Anliegen ein (Stand November 2019). Die Ratsuchenden haben überwiegend nur geringe Kenntnisse im Hinblick auf den FDM-Ansatz und seine Elemente. Wichtige Themen sind vor allem Möglichkeiten der Langzeitarchivierung von Forschungsdaten, die Datensicherung sowie Rechtsfragen im Kontext mit FDM. Die Ratsuchenden bewerten die Service-,Beratungs- und Ergebnisqualität der FDM-Beratung als gut bis sehr gut. Für die Arbeit der Kontaktstelle Forschungsdatenmanagement an der FSU Jena haben sich aus der Evaluation zahlreiche Hinweise ergeben, wie das Leistungsangebot vor allem im Bereich der FDM-Beratung, aber auch darüber hinaus zukunftsorientiert weiterentwickelt werden kann.},
	language = {de},
	urldate = {2023-02-21},
	author = {Vock, Rainer},
	collaborator = {Thüringer Universitäts- Und Landesbibliothek Jena and Gerlach, Roman},
	month = nov,
	year = {2019},
	note = {Publisher: Friedrich-Schiller-Universität Jena},
	keywords = {Evaluation, Beratung, Forschungsdaten, Forschungsdatenmanagement, Q1, Ergebnisbericht, Universität},
}

@misc{mathiak_role_2019,
	title = {"{The} {Role} {Of} {Data} {Archives} {In} {The} {Humanities} {At} {The} {University} {Of} {Cologne}"},
	url = {https://dataverse.nl/citation?persistentId=doi:10.34894/GEQEKO},
	doi = {10.34894/GEQEKO},
	abstract = {Abstract of paper 0736 presented at the Digital Humanities Conference 2019 (DH2019), Utrecht , the Netherlands 9-12 July, 2019.},
	urldate = {2023-02-21},
	publisher = {DataverseNL},
	author = {Mathiak, Brigitte and Metzmacher, Katja and Helling, Patrick and Blumtritt, Jonathan},
	collaborator = {Helling, Patrick},
	year = {2019},
	keywords = {Q1},
}

@misc{noauthor_forschungsdateninfrastrukturen_2022,
	title = {Forschungsdateninfrastrukturen – {Ressourcen} für {Forschung} - {BMBF}},
	url = {https://www.bmbf.de/bmbf/de/forschung/geistes-und-sozialwissenschaften/infrastrukturen-ressourcen-fuer-forschung/infrastrukturen-ressourcen-fuer-forschung_node.html},
	abstract = {Kleine Übersicht auf der Seite des BMBFs},
	language = {de},
	urldate = {2023-02-21},
	journal = {Bundesministerium für Bildung und Forschung - BMBF},
	month = apr,
	year = {2022},
	keywords = {Q1},
}

@book{nestor_-_kompetenznetzwerk_langzeitarchivierung_und_langzeitverfugbarkeit_digitaler_ressourcen_fur_deutschland_langzeitarchivierung_2012,
	address = {Boizenburg},
	title = {Langzeitarchivierung von {Forschungsdaten}: eine {Bestandsaufnahme}},
	isbn = {978-3-86488-008-7},
	shorttitle = {Langzeitarchivierung von {Forschungsdaten}},
	abstract = {Die Bedeutung von Forschungsdaten für die Wissenschaft und die Entwicklung von digitalen Forschungsprozessen wird von der Wissenschaft selbst, aber auch von der Politik sowie von Förderern erst nach und nach erkannt. Dabei sind Forschungsdaten und der langfristige Zugriff auf sie für Wissenschaftler aller Disziplinen von großer Bedeutung: als Nachweis des Forschungsprozesses und seiner Ergebnisse, zur Nachnutzung im Rahmen inner- und interdisziplinärer Kooperationen oder auch im Hinblick auf vergleichende Analysen, bei denen mit neuen Methoden oder unter veränderten Rahmenbedingungen geforscht wird. Dies alles ist nur möglich, wenn Forschungsdaten gesichert, für eine langfristige Nachnutzung archiviert und zur Verfügung gestellt werden. Angesichts rasant anwachsender digitaler Datenmengen ist die Langzeitarchivierung von Forschungsdaten für alle Wissenschaftsdisziplinen eine begleitende Infrastrukturaufgabe. Bislang fehlte hierzu in der deutschen Wissenschaftslandschaft eine auf breiter Grundlage erstellte Bestandsaufnahme. In der vorliegenden Untersuchung haben Wissenschaftlerinnen und Wissenschaftler aus elf Fachdisziplinen - konkret Geisteswissenschaften, Sozialwissenschaften, Psycholinguistik, Pädagogik, Altertumswissenschaft, Geowissenschaft, Klimaforschung, Biodiversität, Teilchenphysik, Astronomie und Medizin - systematisch den Stand und die aktuelle Praxis im Umgang mit der Langzeitarchivierung von Forschungsdaten in ihrer jeweiligen Fachdisziplin dargestellt. Die Ergebnisse wurden in einer zusammenfassenden Analyse aggregiert und für Wissenschaft sowie Politik in Form von Thesen und dabei aufgezeigten Handlungsfeldern aufbereitet. Die Herausgeberinnen und Herausgeber, die z. T. schon seit Jahren im Themenfeld Langzeitarchivierung forschend und qualifizierend engagiert sind, wollen mit dieser Bestandsaufnahme dazu beitragen, dass für Wissenschaft, Förderorganisationen und Politik zukünftige Konzepte und Maßnahmen zum Thema Langzeitarchivierung von Forschungsdaten auf einer wissenschaftlich überprüfbaren, substanziellen Grundlage formuliert werden können. Insofern verstehen sie dieses Buch auch als Beitrag zur Infrastrukturentwicklung der deutschen Forschungslandschaft. [mit einem Vorwort von Prof. Dr.-Ing. Matthias Kleiner, Präsident der Deutschen Forschungsgemeinschaft - DFG]},
	language = {ger},
	publisher = {vwh, Verlag Werner Hülsbusch},
	author = {nestor - Kompetenznetzwerk Langzeitarchivierung und Langzeitverfügbarkeit Digitaler Ressourcen für Deutschland},
	editor = {Neuroth, Heike and Strathmann, Stefan and Oßwald, Achim and Scheffel, Regine and Klump, Jens and Ludwig, Jens},
	year = {2012},
	keywords = {Q1},
}

@book{nestor_-_kompetenznetzwerk_langzeitarchivierung_und_langzeitverfugbarkeit_digitaler_ressourcen_fur_deutschland_langzeitarchivierung_2012-1,
	address = {Boizenburg},
	title = {Langzeitarchivierung von {Forschungsdaten}: eine {Bestandsaufnahme}},
	isbn = {978-3-86488-008-7},
	shorttitle = {Langzeitarchivierung von {Forschungsdaten}},
	abstract = {Die Bedeutung von Forschungsdaten für die Wissenschaft und die Entwicklung von digitalen Forschungsprozessen wird von der Wissenschaft selbst, aber auch von der Politik sowie von Förderern erst nach und nach erkannt. Dabei sind Forschungsdaten und der langfristige Zugriff auf sie für Wissenschaftler aller Disziplinen von großer Bedeutung: als Nachweis des Forschungsprozesses und seiner Ergebnisse, zur Nachnutzung im Rahmen inner- und interdisziplinärer Kooperationen oder auch im Hinblick auf vergleichende Analysen, bei denen mit neuen Methoden oder unter veränderten Rahmenbedingungen geforscht wird. Dies alles ist nur möglich, wenn Forschungsdaten gesichert, für eine langfristige Nachnutzung archiviert und zur Verfügung gestellt werden. Angesichts rasant anwachsender digitaler Datenmengen ist die Langzeitarchivierung von Forschungsdaten für alle Wissenschaftsdisziplinen eine begleitende Infrastrukturaufgabe. Bislang fehlte hierzu in der deutschen Wissenschaftslandschaft eine auf breiter Grundlage erstellte Bestandsaufnahme. In der vorliegenden Untersuchung haben Wissenschaftlerinnen und Wissenschaftler aus elf Fachdisziplinen - konkret Geisteswissenschaften, Sozialwissenschaften, Psycholinguistik, Pädagogik, Altertumswissenschaft, Geowissenschaft, Klimaforschung, Biodiversität, Teilchenphysik, Astronomie und Medizin - systematisch den Stand und die aktuelle Praxis im Umgang mit der Langzeitarchivierung von Forschungsdaten in ihrer jeweiligen Fachdisziplin dargestellt. Die Ergebnisse wurden in einer zusammenfassenden Analyse aggregiert und für Wissenschaft sowie Politik in Form von Thesen und dabei aufgezeigten Handlungsfeldern aufbereitet. Die Herausgeberinnen und Herausgeber, die z. T. schon seit Jahren im Themenfeld Langzeitarchivierung forschend und qualifizierend engagiert sind, wollen mit dieser Bestandsaufnahme dazu beitragen, dass für Wissenschaft, Förderorganisationen und Politik zukünftige Konzepte und Maßnahmen zum Thema Langzeitarchivierung von Forschungsdaten auf einer wissenschaftlich überprüfbaren, substanziellen Grundlage formuliert werden können. Insofern verstehen sie dieses Buch auch als Beitrag zur Infrastrukturentwicklung der deutschen Forschungslandschaft. [mit einem Vorwort von Prof. Dr.-Ing. Matthias Kleiner, Präsident der Deutschen Forschungsgemeinschaft - DFG]},
	language = {ger},
	publisher = {vwh, Verlag Werner Hülsbusch},
	author = {nestor - Kompetenznetzwerk Langzeitarchivierung und Langzeitverfügbarkeit Digitaler Ressourcen für Deutschland},
	editor = {Neuroth, Heike and Strathmann, Stefan and Oßwald, Achim and Scheffel, Regine and Klump, Jens and Ludwig, Jens},
	year = {2012},
}

@book{jasmin_hugi_digitale_2013,
	title = {Digitale {Forschungsinfrastrukturen} in den {Geistes}- und {Geschichtswissenschaften}.},
	url = {https://explore.openaire.eu/search/publication?articleId=od_______805::c9b8887fa0c7f409a2ae601e728a3e5d},
	abstract = {Der Fachbereich "Information documentaire" der Haute école de gestion de Genève (Fachhochschule 
für Wirtschaft in Genf) hat von infoclio.ch, dem Fachportal für die! Geschichtswissenschaften der
Schweiz, den Auftrag erhalten, eine Studie zum Thema digitale Forschungsinfrastrukturen in den
Geistes- bzw. Geschichtswissenschaften in der Schweiz zu erstellen.
Die Diskussion zum Thema der Forschungsdaten in den Geisteswissenschaften in der Schweiz findet 
mit dieser Studie nicht zum ersten Mal statt. Im Folgenden soll kurz die diesbezügliche Entwicklung 
zusammengefasst werden.},
	language = {de},
	urldate = {2023-02-21},
	author = {{Jasmin Hügi} and {René Schneider}},
	year = {2013},
	keywords = {Q1},
}

@article{schoch_big_2013,
	title = {Big? {Smart}? {Clean}? {Messy}? {Data} in the {Humanities}},
	volume = {2},
	url = {https://hal.science/hal-00920254},
	abstract = {This paper is about data in the humanities. Most of my colleagues in literary and cultural studies would not necessarily speak of their objects of study as "data." However, in the humanities just as in other areas of research, we are increasingly dealing with "data." With digitization efforts in the private and public sectors going on around the world, more and more data relevant to our fields of study exists, and, if the data has been licensed appropriately, it is available for research. The digital humanities aim to raise to the challenge and realize the potential of this data for humanistic inquiry. As Christine Borgman has shown in her book on Scholarship in the Digital Age, this is as much a theoretical, methodological and social issue as it is a technical issue.},
	language = {en},
	number = {3},
	urldate = {2023-02-21},
	journal = {Journal of Digital Humanities},
	author = {Schöch, Christof},
	year = {2013},
	keywords = {Q1},
	pages = {2},
}

@misc{noauthor_katalog_nodate,
	title = {Katalog {Plus}: {Big}? {Smart}? {Clean}? {Messy}? {Data} in the {Humanities}},
	url = {https://hds.hebis.de/ubmr/EBSCO/Record?id=edshal.hal.00920254v1|edshal},
	urldate = {2023-02-21},
}

@misc{stephen_brown_repah_2006,
	title = {{RePAH}: {A} user requirements analysis for portals in the {Arts} and {Humanities} : final report},
	shorttitle = {{RePAH}},
	url = {https://explore.openaire.eu/search/publication?articleId=od_______909::2338781b476581c3a66dc1553a07a3fb},
	abstract = {In July 2005, the RePAH Project was commissioned to carry out a survey of user-needs
for information portals in the Arts and Humanities by the AHRC ICT in Arts and
Humanities Programme. It began its work in September, conducted its first round of
focus groups in December, also launching its online questionnaire that same month. By
May 2006, the Project had analysed the 128 questionnaire responses, completed the
report on the first round of focus groups and conducted a Delphi exercise among selected
respondents. At the same time, deep-log analysis was conducted on the extant web-log
information, mainly based on information from the calendar year 2005, furnished by the
AHDS and two constituent elements of the RDN, Humbul and Artifact. This information
formed the platform for a second set of focus groups, focusing on a ‘demonstrator’ of
possible information portal developments. The responses to this second set of focus
groups enabled the project to provide the fine-grained analysis of user-need which
constitutes the basis of its recommendations. This report was compiled in August 2006
and submitted in September 2006.},
	language = {en},
	urldate = {2023-02-21},
	journal = {OpenAIRE - Explore},
	author = {{Stephen Brown} and {Robb Ross} and {David Gerrard} and {Mark Greengrass} and {Jared Bryson}},
	year = {2006},
	keywords = {Q1},
}

@article{helling_wie_2022,
	title = {Wie geht bedarfsorientiertes {Forschungsdatenmanagement}?: {Durchführung}, {Protokollierung} und {Analyse} von {Beratungsvorgängen} im geisteswissenschaftlichen {Forschungsdatenmanagement} am {Beispiel} des {Data} {Center} for the {Humanities} ({DCH})},
	volume = {42},
	issn = {2191-4664, 0720-6763},
	shorttitle = {Wie geht bedarfsorientiertes {Forschungsdatenmanagement}?},
	url = {https://www.degruyter.com/document/doi/10.1515/abitech-2022-0044/html},
	doi = {10.1515/abitech-2022-0044},
	abstract = {Zusammenfassung
            Das Management digitaler Forschungsdaten ist ein zentraler Aspekt im Wissenschaftsbetrieb. Bereits lange unterstützen Datenzentren und Servicestellen Forschende bei Fragen zum Forschungsdatenmanagement (FDM). Dabei sollten sich die Organisation und inhaltliche Ausgestaltung dieser Servicestrukturen an den täglichen FDM-Bedarfen der Forschenden orientieren. Mit diesem Beitrag soll ein entsprechender Ansatz für ein bedarfsorientiertes FDM in den Geisteswissenschaften vorgestellt und diskutiert werden. Im Fokus stehen dabei die Beratungs- und Protokollierungspraxis des Data Center for the Humanities (DCH) an der Universität zu Köln sowie konkrete Methoden zur Identifizierung und Modellierung von FDM-Bedarfskategorien und -workflows zur formalen Beschreibung von geisteswissenschaftlichem FDM.},
	language = {en},
	number = {4},
	urldate = {2023-02-21},
	journal = {ABI Technik},
	author = {Helling, Patrick},
	month = nov,
	year = {2022},
	keywords = {Q1},
	pages = {242--257},
}

@article{cremer_redaktionssache_2019,
	title = {Redaktionssache {Forschungsdaten}},
	volume = {43},
	issn = {1865-7648, 0341-4183},
	url = {https://www.degruyter.com/document/doi/10.1515/bfp-2019-2018/html},
	doi = {10.1515/bfp-2019-2018},
	abstract = {Der Beitrag fokussiert die Publikation von Forschungsdaten in den Geisteswissenschaften und vertritt die These, dass die Forschungsdatenpublikation im Wissenschaftsbetrieb als Dienstleistung realisierbar ist. Ausgehend von hinderlichen Barrieren im System und förderlichen Modellen in Verbundprojekten wird das Konzept der Forschungsdatenredaktion diskutiert. Dieses Konzept basiert auf einer redaktionellen Bearbeitung der Forschungsdaten nach dem Forschungsprozess und der Veröffentlichung als eigenständiger Publikationsform.},
	number = {1},
	urldate = {2023-02-21},
	journal = {Bibliothek Forschung und Praxis},
	author = {Cremer, Fabian and Klaffki, Lisa and Steyer, Timo},
	month = apr,
	year = {2019},
	keywords = {Q1},
	pages = {118--125},
}

@article{blumesberger_forschungsdaten_2021,
	title = {Forschungsdaten in den {Geisteswissenschaften}},
	copyright = {Creative Commons Attribution 4.0 International},
	url = {https://www.o-bib.de/article/view/5739},
	doi = {10.5282/O-BIB/5739},
	abstract = {Der Beitrag konzentriert sich bewusst auf jene Daten in den Geisteswissenschaften, die sich nicht den Digital Humanities zuordnen lassen und damit nicht schon per se bewusst auf die digitale Dimension des Fachs fokussieren. Spätestens beim Ausfüllen der von den Fördergebern vorgeschriebenen Datenmanagementplänen stellt sich für viele Wissenschafter*innen die Frage, was denn nun in ihrem Fall eigentlich die Forschungsdaten sind, die sie sicher und langfristig verfügbar machen sollen. Handelt es sich dabei um die Texte die verwendet oder produziert werden oder die Bilder, auf die der Text Bezug nimmt? Die fehlende Auseinandersetzung mit Datenmanagement während des Studiums und beim Verfassens der Abschlussarbeit führt nicht nur dazu, dass viele Informationen, die von anderen Forscher*innen weitergenutzt werden könnten, verloren gehen, sondern auch zu Rechtsunsicherheiten und im schlimmsten Fall zu juristischen Problemen. Hier den richtigen Weg zwischen aus Furcht vor juristischen Konsequenzen zurückgehaltenen Informationen und einem möglichst offenen Umgang mit Daten zu finden, ist eine Gratwanderung und bedarf genauer Anleitungen und viel Hintergrundwissen. Wie man als Forschungsdatenmanager*in an Bibliotheken am besten Geisteswissenschaftler*innen dabei hilft „as open as possible, as closed as necessary“ zu agieren, soll im Rahmen des Beitrags andiskutiert werden.},
	language = {de},
	urldate = {2023-02-21},
	journal = {o-bib. Das offene Bibliotheksjournal / Herausgeber VDB},
	author = {Blumesberger, Susanne},
	month = nov,
	year = {2021},
	note = {Artwork Size: 1-8 Seiten
Publisher: o-bib. Das offene Bibliotheksjournal / Herausgeber VDB},
	keywords = {Q1},
	pages = {1--8 Seiten},
}

@article{schmunk_dariah--_2016,
	title = {Das {DARIAH}-{DE}- und das {TextGrid}-{Repositorium}: {Geistes}- und kulturwissenschaftliche {Forschungsdaten} persistent und referenzierbar langzeitspeichern},
	volume = {40},
	issn = {1865-7648, 0341-4183},
	shorttitle = {Das {DARIAH}-{DE}- und das {TextGrid}-{Repositorium}},
	url = {https://www.degruyter.com/document/doi/10.1515/bfp-2016-0020/html},
	doi = {10.1515/bfp-2016-0020},
	abstract = {DARIAH-DE entwickelt seit 2011 eine modular auf Diensten basierende Forschungsdaten-Föderationsarchitektur. Eines der zentralen Kernelemente ist hierbei das DARIAH-DE-Repositorium, mit dem Geistes- und Kulturwissenschaftler, aber auch Forschungsprojekte, ihre erzeugten, angereicherten und auch erhobenen Daten speichern, mit persistenten IDs und dadurch referenzierbar in einer Repository-Umgebung ablegen und für die Nachnutzung bereit stellen können.},
	number = {2},
	urldate = {2023-02-21},
	journal = {Bibliothek Forschung und Praxis},
	author = {Schmunk, Stefan and Funk, Stefan E.},
	month = jan,
	year = {2016},
	keywords = {Q1},
}

@article{kronenwett_jenseits_2013,
	title = {Jenseits der {Daten}: Überlegungen zu {Datenzentren} für die {Geisteswissenschaften} am {Beispiel} des {Kölner} ‘{Data} {Center} for the {Humanities}’},
	volume = {9},
	issn = {1860-7950},
	shorttitle = {Jenseits der {Daten}},
	url = {http://libreas.eu/ausgabe23/09sahle/},
	abstract = {„Auch in den Geisteswissenschaften werden Daten produziert, die dauerhaft gesichert und zugänglich gehalten werden müssen.” Dieser Satz ist richtig, aber an einer Stelle problematisch: ‚Daten’. Aus der Sicht der Geisteswissenschaften ist unklar, ob der allgemeine, derzeit herrschende Datenbegriff die Situation in ihren Disziplinen wirklich treffend beschreibt und ob seine Konsequenzen die gleichen sind wie in anderen Feldern der Forschung. Der Beitrag geht von einer Spezifik geisteswissenschaftlicher Daten und dem dort vorhandenen Problem der schlechten Unterscheidbarkeit zwischen Primärdaten und Ergebnisdaten aus und beschreibt die Konsequenzen für den Aufbau eines geisteswissenschaftlichen Datenzentrums am Beispiel des im Dezember 2012 gegründeten ‚Data Centers for the Humanities’ (DCH) an der Universität zu Köln. Zu klären ist dabei unter anderem, was Forschungsdatenmanagement für die beteiligten Forscher und Projekte bedeutet und wie die Dauerhaftigkeit eben nicht nur von ‚Daten’, sondern auch von Forschung insgesamt sicher gestellt werden kann. Ausgehend von der Unterscheidung zwischen ‚Daten’ und ‚Ressourcen’ und der Frage, welche Leistungen von einem Datenzentrum eigentlich zu erwarten sind, wird der einerseits schichtweise, andererseits modulare Aufbau des DCH begründet. Die vielfältigen Aufgaben, die sich bei der Sicherung der Forschung ergeben, lassen sich über vier Paradigmen beschreiben, die einen begrifflichen Anschluss an die bestehenden Einrichtungen der Kulturerbesicherung ermöglichen. Ob dieser Anschluss nur metaphorisch ist, wenigstens eine didaktisch-erklärende Kraft hat oder sogar die Grundlage weiterer konzeptioneller Überlegungen sein kann, ist zu diskutieren.},
	language = {de},
	number = {2},
	urldate = {2023-02-21},
	journal = {Library Ideas},
	author = {Kronenwett, Simone and Sahle, Patrick},
	month = oct,
	year = {2013},
	note = {Publisher: Institut für Bibliothekswissenschaft Berlin},
	keywords = {Q1},
	pages = {76--96},
}

@article{andorfer_forschungsdaten_2015,
	title = {Forschungsdaten in den (digitalen) {Geisteswissenschaften}: {Versuch} einer {Konkretisierung}},
	volume = {14},
	issn = {2198-4670},
	url = {https://d-nb.info/1078745358/34},
	abstract = {Die Bezeichnung Forschungsdaten zählt zu den Schlüsselbegriffen der Digitalen Geisteswissenschaften, nicht zuletzt vor den zunehmenden Bemühungen zur Errichtung und Etablierung von Datenzentren, -archiven und Repositorien zur Veröffentlichung und dauerhaften Sicherung von Forschungsdaten. Vorliegendes Papier versucht eine Definition des Begriffes Forschungsdaten. Im Fokus steht dabei das Bemühen, diese Bezeichnung im Vokabular traditionellen geisteswissenschaftlichen Arbeitens zu verorten. Daran anschließend geht es außerdem darum, Forschungsdaten von semantisch ähnlichen Bezeichnungen wie Publikation oder Quellen abzugrenzen.},
	urldate = {2023-02-21},
	journal = {DARIAH-DE working papers},
	author = {Andorfer, Peter},
	year = {2015},
	keywords = {Q1, Stand der Dinge},
}

@incollection{koltay_facing_2016,
	series = {Advances in {Library} {Administration} and {Organization}},
	title = {Facing the {Challenge} of {Data}-{Intensive} {Research}: {Research} {Data} {Services} and {Data} {Literacy} in {Academic} {Libraries}},
	volume = {35},
	isbn = {978-1-78560-730-1 978-1-78560-731-8},
	shorttitle = {Facing the {Challenge} of {Data}-{Intensive} {Research}},
	url = {https://doi.org/10.1108/S0732-067120160000035008},
	abstract = {Purpose This chapter describes challenges that academic libraries face in the era of data-intensive research. Methodology/approach A review of current literature about the topic was performed. The main features of the data-intensive paradigm of research are outlined and new tasks to be performed by academic libraries are explored. Findings To fulfil their mission in this environment, academic libraries have to be equipped with tools that can be epitomised as research data services and include research data-management and digital data curation. Issues of data quality, data citation and data literacy are also of prime importance for related academic library services that also need to employ ‘new’ librarians, that is professionals, armed with novel and adequate skills. Originality/value The chapter outlines both background and practice, associated with data-related opportunities and responsibilities.},
	urldate = {2023-02-21},
	booktitle = {Innovation in {Libraries} and {Information} {Services}},
	publisher = {Emerald Group Publishing Limited},
	author = {Koltay, Tibor},
	month = jan,
	year = {2016},
	doi = {10.1108/S0732-067120160000035008},
	keywords = {Data curation, Data citation, data literacy, Data literacy, Data quality, Q3, Research data management, Research data services},
	pages = {45--61},
}

@article{koltay_data_2015,
	title = {Data literacy: in search of a name and identity},
	volume = {71},
	issn = {0022-0418},
	shorttitle = {Data literacy},
	url = {https://doi.org/10.1108/JD-02-2014-0026},
	doi = {10.1108/JD-02-2014-0026},
	abstract = {Purpose The role of data literacy is discussed in the light of such activities as data a quality, data management, data curation, and data citation. The differing terms and their relationship to the most important literacies are examined. The paper aims to discuss these issues. Design/methodology/approach By stressing the importance of data literacy in fulfilling the mission of the contemporary academic library, the paper centres on information literacy, while the characteristics of other relevant literacies are also examined. The content of data literacy education is explained in the context of data-related activities. Findings It can be concluded that there is a need for data literacy and it is advantageous to have a unified terminology. Data literacy can be offered both to researchers, who need to become data literate science workers and have the goal to educate data management professionals. Several lists of competencies contain important skills and abilities, many of them indicating the close relationship between data literacy and information literacy. It is vital to take a critical stance on hopes and fears, related to the promises of widespread ability of (big) data. Originality/value The paper intends to be an add-on to the body of knowledge about information literacy and other literacies in the light of research data and data literacy.},
	number = {2},
	urldate = {2023-02-21},
	journal = {Journal of Documentation},
	author = {Koltay, Tibor},
	month = jan,
	year = {2015},
	note = {Publisher: Emerald Group Publishing Limited},
	keywords = {Research, data literacy, Q3, Academic libraries, Data, Information literacy},
	pages = {401--415},
}

@article{koltay_data_2017,
	title = {Data literacy for researchers and data librarians},
	volume = {49},
	issn = {0961-0006},
	url = {https://doi.org/10.1177/0961000615616450},
	doi = {10.1177/0961000615616450},
	abstract = {This paper describes data literacy and emphasizes its importance. Data literacy is vital for researchers who need to become data literate science workers and also for (potential) data management professionals. Its important characteristic is a close connection and similarity to information literacy. To support this argument, a review of literature was undertaken on the importance of data, and the data-intensive paradigm of scientific research, researchers? expected and real behaviour, the nature of research data management, the possible roles of the academic library, data quality and data citation, Besides describing the nature of data literacy and enumerating the related skills, the application of phenomenographic approaches to data literacy and its relationship to the digital humanities have been identified as subjects for further investigation.},
	language = {en},
	number = {1},
	urldate = {2023-02-21},
	journal = {Journal of Librarianship and Information Science},
	author = {Koltay, Tibor},
	month = mar,
	year = {2017},
	note = {Publisher: SAGE Publications Ltd},
	keywords = {data literacy, Q3},
	pages = {3--14},
}

@book{carlson_data_2015-1,
	title = {Data {Information} {Literacy}: {Librarians}, {Data}, and the {Education} of a {New} {Generation} of {Researchers}},
	isbn = {978-1-55753-696-9},
	shorttitle = {Data {Information} {Literacy}},
	url = {https://www.jstor.org/stable/j.ctt6wq2vh},
	abstract = {Given the increasing attention to managing, publishing, and preserving research datasets as scholarly assets, what competencies in working with research data will graduate students in STEM disciplines need to be successful in their fields? And what role can librarians play in helping students attain these competencies? In addressing these questions, this book articulates a new area of opportunity for librarians and other information professionals, developing educational programs that introduce graduate students to the knowledge and skills needed to work with research data. The term “data information literacy" has been adopted with the deliberate intent of tying two emerging roles for librarians together. By viewing information literacy and data services as complementary rather than separate activities, the contributors seek to leverage the progress made and the lessons learned in each service area.},
	urldate = {2023-02-21},
	publisher = {Purdue University Press},
	editor = {Carlson, Jake and Johnston, Lisa R.},
	year = {2015},
	keywords = {data literacy, Q3},
}

@article{dignazio_creative_2018,
	title = {Creative {Data} {Literacy}: {A} {Constructionist} {Approach} to {Teaching} {Information} {Visualization}},
	shorttitle = {Creative {Data} {Literacy}},
	url = {https://dspace.mit.edu/handle/1721.1/123473},
	abstract = {Data visualization has rapidly become a standard approach to interrogating and understanding the world around us in domains that extend beyond the technical and scientific to arts, communications and services. In business settings the Data Scientist has become a recognized and valued role [Davenport and Patil 2012]. Journalism has re-oriented itself around data-driven storytelling as a potential saviour for an industry in peril [Howard 2014]. Governments are moving to more data-driven decision making, publishing open data portals and pondering visualization as an opportunity for citizen participation [Gurstein 2011]. This journal itself has numerous examples that use visualization tools and techniques within the digital humanities as a tool for exploration [Roberts-Smith et al. 2013] [Hoyt, Ponto, and Roy 2014] [Forlini, Hinrichs, and Moynihan 2016]. 
 
This boom in attention has led large new populations of learners into the field. Formal educational settings have rushed to create new approaches and introductions to this content, but often they fall back on traditional approaches to things such as scientific charting and graphing [Webber et al. 2014] [Calzada and Marzal 2013]. Many view data visualization as a new technology, which runs the risks of replicating old approaches without acknowledging the unique affordances and domains that data visualization relies upon. Data visualization is not simply another technology to integrate into education. It is visual argument and persuasion, far more closely associated with rhetoric and writing than spreadsheets [Zer-Aviv 2014]. 
 
In this paper we present novel approaches to learning technologies and activities, focused on novice learners entering the field of data driven storytelling. We begin with a deeper dive into the problems we see with introducing new learners into a field characterized by inequality, continue with a discussion of approaches for introducing technologies to education, and summarize the inspirational pedagogies we build on. We then offer some design principles and three activities as examples of the concept of creative data literacy. We assert that creative approaches grounded in constructionist educational theories are necessary to empower non-technical learners to be able to tell stories and argue for change with data.},
	language = {en\_US},
	urldate = {2023-02-21},
	author = {D'Ignazio, Catherine and Bhargava, Rahul},
	year = {2018},
	note = {Accepted: 2020-01-17T19:13:56Z
Publisher: Digital Humanities Quarterly},
	keywords = {data literacy, Q3},
}

@misc{frederic_martel_thinking_2022,
	title = {Thinking ecology and the digital humanities},
	url = {https://creativeeconomies.com/thinking-ecology-and-the-digital-humanities/},
	abstract = {“Où atterrir?”; “Où suis-je ?”: These are the titles of French philosopher Bruno Latour’s two most recent books and also their main questions. Latour, a thinker of ecology and the digital humanities, has his feet on the ground rather than above. His best-selling Où atterrir? (whose title reads more appealingly in its English translation, Down to Earth: Politics in the New Climactic Regime, 2018), marks a rare success for an author widely considered obscure. This short 150-page essay is an important work that, upstream, summarises Latour’s thinking — whose last name has become a recognised adjective (“Latourian”) — and that, downstream, reads like a theoretical manual on understanding the coming “ecological century.” If we could take one book by Latour to a desert island, this would be the one.},
	language = {en-US},
	urldate = {2023-02-21},
	author = {{Frédéric Martel}},
	month = apr,
	year = {2022},
	keywords = {Q3, ökologische Nachhaltigkeit},
}

@book{travis_routledge_2022,
	address = {London},
	title = {Routledge {Handbook} of the {Digital} {Environmental} {Humanities}},
	isbn = {978-1-00-308279-8},
	abstract = {The Routledge Handbook of the Digital Environmental Humanities explores the digital methods and tools scholars use to observe, interpret, and manage nature in several different academic fields.

Employing historical, philosophical, linguistic, literary, and cultural lenses, this handbook explores how the digital environmental humanities (DEH), as an emerging field, recognises its convergence with the environmental humanities. As such, it is empirically, critically, and ethically engaged in exploring digitally mediated, visualised, and parsed framings of past, present, and future environments, landscapes, and cultures. Currently, humanities, geographical, cartographical, informatic, and computing disciplines are finding a common space in the DEH and are bringing the use of digital applications, coding, and software into league with literary and cultural studies and the visual, film, and performing arts. In doing so, the DEH facilitates transdisciplinary encounters between fields as diverse as human cognition, gaming, bioinformatics and linguistics, social media, literature and history, music, painting, philology, philosophy, and the earth and environmental sciences.

This handbook will be essential reading for those interested in the use of digital tools in the study of the environment from a wide range of disciplines and for those working in the environmental humanities more generally.},
	publisher = {Routledge},
	editor = {Travis, Charles and Dixon, Deborah P. and Bergmann, Luke and Legg, Robert and Crampsie, Arlene},
	month = sep,
	year = {2022},
	doi = {10.4324/9781003082798},
	keywords = {Q3, ökologische Nachhaltigkeit},
}

@article{starosielski_resource_2016,
	title = {Resource {Operations} of the {Ecological} {Digital} {Humanities}},
	volume = {131},
	issn = {0030-8129},
	url = {https://www.jstor.org/stable/26158822},
	abstract = {LARGE-SCALE INDUSTRIAL PROCESSES AND NETWORKS OF EXTRACTION,
SLOW VIOLENCES WROUGHT ACROSS TOXIC LANDSCAPES, AND RAP
idly shifting atmospheric, oceanic, and hydrologie cycles are altering
the conditions of human and nonhuman existence in ways that chal
lenge the limits of existing media technologies. The last of these trans
formations—the fluctuating distributions of water—is the focus of
this essay. Hydrologists are struggling to model and predict the inten
sities of drought, the changing supply of watersheds, the dispersions
of chemicals through streams and rivers, and the failures of aging in
frastructure. Water transports contaminants too small to identify by
sight, requiring technologies that can register tiny particles on a mas
sive scale. Water complicates boundary-making projects—it moves
easily across local and regional zones, human and nonhuman bodies,
and atmospheric, terrestrial, and marine ecologies. Global weather
patterns and distribution infrastructures shape its circulation, yet its
material effects depend greatly on local conditions.},
	number = {2},
	urldate = {2023-02-21},
	journal = {PMLA},
	author = {Starosielski, Nicole},
	year = {2016},
	note = {Publisher: Cambridge University Press},
	keywords = {Q3, ökologische Nachhaltigkeit},
	pages = {401--409},
}

@article{dolly_jorgensen_environmental_nodate,
	title = {Environmental {Humanities}},
	issn = {2201-1919},
	url = {https://read.dukeupress.edu/environmental-humanities},
	abstract = {Environmental Humanities is a peer-reviewed, international, open-access journal. The journal publishes outstanding interdisciplinary scholarship that draws humanities disciplines into conversation with each other, and with the natural and social sciences, around significant environmental issues. Environmental Humanities has a specific focus on publishing the best interdisciplinary scholarship; as such, the journal has a particular mandate to:

1. Publish interdisciplinary papers that do not fit comfortably within the established environmental subdisciplines, and

2. Publish high-quality submissions from within any of these fields that are accessible and seeking to reach a broader readership.

Articles are published under a Creative Commons license (BY-NC-ND) and are open immediately upon publication. Authors are not charged any fees for publication and retain copyright and full publishing rights without restrictions in their articles. Readers may use the full text of articles as described in the license.},
	journal = {Environmental Humanities},
	editor = {{Dolly Jørgensen} and {Franklin Ginn}},
	keywords = {Q3, ökologische Nachhaltigkeit},
}

@misc{anne_baillot_digital_nodate,
	title = {Digital {Humanities} and the {Climate} {Crisis}},
	url = {https://dhc-barnard.github.io/dhclimate/},
	abstract = {The digital is material. As digital humanists, every project we create, every software application we use, every piece of hardware we purchase impacts our environment. In this document we aim to surface the ecological impacts of our work while learning with and from our DH community about ways to reduce harm to the environment and to the people most impacted by environmental injustices.},
	language = {en-us},
	urldate = {2023-02-21},
	author = {{Anne Baillot} and {James Baker} and {Madiha Zahrah Choksi} and {Alex Gil} and {Kaiama L. Glover} and {Ana Lam} and {Alicia Peaker} and {Walter Scholger} and {Torsten Roeder} and {Jo Lindsay Walton}},
	keywords = {Q3, ökologische Nachhaltigkeit},
}

@article{barats_fading_2020,
	title = {Fading {Away}... {The} challenge of sustainability in digital studies},
	volume = {014},
	issn = {1938-4122},
	abstract = {This paper emphasizes the need to think about sustainability as a key element of digital studies and digital hermeneutics. It addresses the inherent tensions between the long-term needs of data preservation and maintenance on the one side, and the short life cycles of the data formats, platforms and infrastructures on the other side. Challenges are not limited to the technical maintenance of software, tools and data, but also apply to the wider institutional contexts, epistemic traditions and social practices in which the doing of research in social sciences and humanities are embedded. We explore these tensions at several levels, temporalities and key stages in research – namely data access and building a corpus, establishing a research framework and analysis, and finally the use/dissemination of results.},
	number = {3},
	journal = {Digital Humanities Quarterly},
	author = {Barats, Christine and Schafer, Valérie and Fickers, Andreas},
	month = sep,
	year = {2020},
	keywords = {Q3, ökologische Nachhaltigkeit},
}

@book{noiret_handbook_2022,
	address = {Berlin ; Boston},
	series = {De {Gruyter} reference},
	title = {Handbook of digital public history},
	isbn = {978-3-11-043922-9},
	abstract = {This handbook provides a systematic overview of the present state of international research in digital public history. Individual studies by internationally renowned public historians, digital humanists, and digital historians elucidate central issues in the field and present a critical account of the major public history accomplishments, research activities, and practices with the public and of their digital context. The handbook applies an international and comparative approach, looks at the historical development of the field, focuses on technical background and the use of specific digital media and tools. Furthermore, the handbook analyzes connections with local communities and different publics worldwide when engaging in digital activities with the past, indicating directions for future research, and teaching activities.},
	publisher = {De Gruyter Oldenbourg},
	editor = {Noiret, Serge and Tebeau, Mark and Zaagsma, Gerben},
	year = {2022},
	keywords = {History, Methodology, Q3, ökologische Nachhaltigkeit, Digital humanities, Public history},
}

@book{coulter_ant_2021,
	address = {München},
	title = {Ant {Spider} {Bee} {Chronicling} digital transformations in environmental humanities},
	isbn = {978-3-95925-190-7},
	abstract = {We are writing this at the end of 2020. Ten years ago we could not have imagined the transformations the 2010s would bring: the global ascendancy of authoritarian populism, refugee crises, the increasing visibility of human driven climate change, a global pandemic. At the same time, on a positive note, we have seen a growing interest in the methodologies and tool sets known as “digital humanities,” and a convergence of environmentally-focused humanities and social sciences around “environmental humanities.” 
Environmental humanities is an emerging field concerning human engagement with 
and understanding of the environment (of which humans are, naturally, a part). 
Drawing on many more established fields and traditions, environmental humanities 
can be characterized by a strong ethical impulse: to recognize and challenge the false 
dualisms (e.g., nature/culture) that have been used to justify practices that exploit 
or harm the planet and its inhabitants, using more pluralist or justice-oriented 
perspectives to reframe what can be asked and known.
While such impulses are not new, in the last decade they have become increasingly institutionalized. State and private funders support research and teaching; universities open centers and award graduate degrees; museums curate exhibitions; open access publications and digital resources (like the journal Environmental Humanities and the Environment \& Society Portal, both online since 2012) reach broad audiences directly, without paywalls. An excellent summary of the academic institutionalization of environmental humanities is available here. As a result of this institutionalization, environmental humanities is becoming increasingly visible in academia as a source of ethical impulses for coping with growing crises. To the extent it is also influential depends on its efforts to communicate to broader audiences.},
	language = {eng},
	publisher = {Spider \& Cloud},
	editor = {Coulter, Kimberly and Hardenberg, Wilko Graf von and Jørgensen, Finn Arn},
	year = {2021},
	note = {OCLC: 1289539835},
	keywords = {Q3, ökologische Nachhaltigkeit},
}

@misc{noauthor_katalog_nodate-1,
	title = {Katalog {Plus}: {FAIRe} {Forschungsdaten} in den...},
	url = {https://hds.hebis.de/ubmr/EBSCO/Record?id=edsbas.7AB7347F|edsbas},
	urldate = {2023-02-21},
}

@article{altenhoner_nfdi4culture_2020,
	title = {{NFDI4Culture} - {Consortium} for research data on material and immaterial cultural heritage},
	volume = {6},
	copyright = {2023 Reinhard Altenhöner, Ina Blümel, Franziska Boehm, Jens Bove, Katrin Bicher, Christian Bracht, Ortrun Brand, Lisa Dieckmann, Maria Effinger, Malte Hagener, Andrea Hammes, Lambert Heller, Angela Kailus, Hubertus Kohle, Jens Ludwig, Andreas Münzmay, Sarah Pittroff, Matthias Razum, Daniel Röwenstrunk, Harald Sack, Holger Simon, Dörte Schmidt, Torsten Schrade, Annika-Valeska Walzel, Barbara Wiermann},
	issn = {2367-7163},
	url = {https://riojournal.com/article/57036/},
	doi = {10.3897/rio.6.e57036},
	abstract = {Digital data on tangible and intangible cultural assets is an essential part of daily life, communication and experience. It has a lasting influence on the perception of cultural identity as well as on the interactions between research, the cultural economy and society. Throughout the last three decades, many cultural heritage institutions have contributed a wealth of digital representations of cultural assets (2D digital reproductions of paintings, sheet music, 3D digital models of sculptures, monuments, rooms, buildings), audio-visual data (music, film, stage performances), and procedural research data such as encoding and annotation formats. The long-term preservation and FAIR availability of research data from the cultural heritage domain is fundamentally important, not only for future academic success in the humanities but also for the cultural identity of individuals and society as a whole. Up to now, no coordinated effort for professional research data management on a national level exists in Germany. NFDI4Culture aims to fill this gap and create a user-centered, research-driven infrastructure that will cover a broad range of research domains from musicology, art history and architecture to performance, theatre, film, and media studies.The research landscape addressed by the consortium is characterized by strong institutional differentiation. Research units in the consortium's community of interest comprise university institutes, art colleges, academies, galleries, libraries, archives and museums. This diverse landscape is also characterized by an abundance of research objects, methodologies and a great potential for data-driven research. In a unique effort carried out by the applicant and co-applicants of this proposal and ten academic societies, this community is interconnected for the first time through a federated approach that is ideally suited to the needs of the participating researchers. To promote collaboration within the NFDI, to share knowledge and technology and to provide extensive support for its users have been the guiding principles of the consortium from the beginning and will be at the heart of all workflows and decision-making processes. Thanks to these principles, NFDI4Culture has gathered strong support ranging from individual researchers to high-level cultural heritage organizations such as the UNESCO, the International Council of Museums, the Open Knowledge Foundation and Wikimedia. On this basis, NFDI4Culture will take innovative measures that promote a cultural change towards a more reflective and sustainable handling of research data and at the same time boost qualification and professionalization in data-driven research in the domain of cultural heritage. This will create a long-lasting impact on science, cultural economy and society as a whole.},
	language = {en},
	urldate = {2023-02-20},
	journal = {Research Ideas and Outcomes},
	author = {Altenhöner, Reinhard and Blümel, Ina and Boehm, Franziska and Bove, Jens and Bicher, Katrin and Bracht, Christian and Brand, Ortrun and Dieckmann, Lisa and Effinger, Maria and Hagener, Malte and Hammes, Andrea and Heller, Lambert and Kailus, Angela and Kohle, Hubertus and Ludwig, Jens and Münzmay, Andreas and Pittroff, Sarah and Razum, Matthias and Röwenstrunk, Daniel and Sack, Harald and Simon, Holger and Schmidt, Dörte and Schrade, Torsten and Walzel, Annika-Valeska and Wiermann, Barbara},
	month = jul,
	year = {2020},
	note = {Publisher: Pensoft Publishers},
	keywords = {Q2},
	pages = {e57036},
}

@inproceedings{armin_volkmann_beyond_2013,
	address = {Wien},
	title = {Beyond administrative boundaries: {Archaeological} research networks},
	url = {https://archiv.chnt.at/wp-content/uploads/Volkmann_final_2014.pdf},
	abstract = {Digital data infrastructures for the arts and humanities are currently being developed within the 
framework of various projects in Europe. Among these projects, DARIAH (Digital Research Infrastructure for 
the Arts and Humanities) is one of the largest projects, and it is designed as a long-term project. DARIAH 
focuses primarily on philology and history, but it is in a broader sense also open to other disciplines. DARIAH 
is for example conceptualizing a data infrastructure for archeology. The cooperation with other infrastructure 
projects is a key component in the architecture of the digital data infrastructure for archaeologists. Within the network of the different data infrastructure projects, DARIAH could be aimed to harmonize the national
activities on the EU level. International archaeological data networks are desirable in related regions such as 
the Franco-German upper Rhine region (with the project TOPAMA) in order to go beyond existing 
administrative boundaries of research. 
So what are the specific needs of archaeologists within a digital research data infrastructure? Is it even 
possible to implement a centralized research data infrastructure (that would be accepted by the researchers) 
in the very heterogeneous landscape of archaeological sciences in Europe? In order to answer this question 
it seems essential to involve as many partners as possible in the conception of the infrastructure right from 
the beginning of the project. E.g. the structure of federal states in Germany did not enable the foundation of 
a national archaeological data service, such as in the Netherlands or the UK. The political conditions are 
contrary to centralized efforts. Thus, a decentralized architecture of the data infrastructure represents a 
potential solution to the existing problem. A comparable infrastructure would make the respective databases 
mutually accessible for all partners. Furthermore could the DARIAH service provide a long-term binary data 
storage with sovereign rights of data privacy and security requirements.},
	author = {{Armin Volkmann}},
	year = {2013},
	keywords = {Q2},
}

@article{fischer_wenn-dann-prinzip_2021,
	title = {Das {Wenn}-{Dann}-{Prinzip} oder {Normdaten} brauchen eine {Lobby}: {Wie} {Bibliothekar}*innen zu {Botschafter}*innen für die {Vernetzung} der {Kulturwelt} durch die {Gemeinsame} {Normdatei} ({GND}) werden können},
	volume = {27},
	copyright = {Copyright (c) 2022 AKMB-news: Informationen zu Kunst, Museum und Bibliothek},
	issn = {2197-7402},
	shorttitle = {Das {Wenn}-{Dann}-{Prinzip} oder {Normdaten} brauchen eine {Lobby}},
	url = {https://journals.ub.uni-heidelberg.de/index.php/akmb-news/article/view/92483},
	doi = {10.11588/akmb.2021.2.92483},
	abstract = {Vor drei Jahren startete das DFG-Forschungsprojekt „GND für Kulturdaten – GND4C“. Im Sommer 2021 erwarten die Projektpartner den Bescheid zur Bewilligung der Fördermittel für die zweite Projekt phase. Es ist also Zeit für eine Zwischenbilanz. Die wichtigste Erkenntnis gleich zu Beginn: Erfolg verspricht das Wenn Dann-Prinzip. Wenn bibliothekarische Normdaten für die Sichtbarkeit, Vernet zung und Auffindbarkeit von digitalisierten Kultur- und Forschungsdaten eine zentrale Rolle spielen sollen, dann braucht es Vermittler*innen mit einem bibliothekarischen Hintergrund vor Ort. Dieser Beitrag ist eine Einladung an die Mitglieder der AKMB, sich aktiv an der Schnittstelle zwischen Bibliothek und Museum einzubringen. Die Erschließungsroutinen der musealen Sammlungen und der Bibliothekskataloge können und müssen im Zuge der digitalen Transformation enger zusammenrücken, damit Normdaten Brücken schlagen können und Nutzenden ein durchgehender Wissens raum geboten werden kann.},
	language = {de},
	number = {2},
	urldate = {2023-02-20},
	journal = {AKMB-news: Informationen zu Kunst, Museum und Bibliothek},
	author = {Fischer, Barbara Katharina},
	year = {2021},
	note = {Number: 2},
	keywords = {Q2},
	pages = {20--25},
}

@book{rat_fur_informationsinfrastrukturen_entwicklung_2017,
	title = {Entwicklung von {Forschungsdateninfrastrukturen} im internationalen {Vergleich}},
	url = {https://rfii.de/de/themen/#},
	abstract = {Mit dem digitalen Wandel ist es zu einer politischen Schlüsselfrage geworden, 
wie man die gewachsenen Informationsinfrastrukturen eines nationalen Wis senschaftssystems – mit seinen regionalen, sektoralen und internationalen 
Kontexten – so gestalten kann, dass eine zukunftsfähige Forschungsdateninf rastrukturlandschaft entsteht. Zielte der globale Wettbewerb bislang auf For schungserfolge und Leistungsträger in der Wissenschaft sowie Forschungsinfra strukturen, so treten heute zunehmend auch Forschungsdaten, ihre Vorhaltung, 
Verfügbarkeit sowie deren Nutzbarkeit und Nutzung in den Fokus. Deshalb ist 
die Frage, welches Land über eine nachhaltig gesicherte, qualitativ hochwertige 
Forschungsdateninfrastruktur verfügt, von besonderem Interesse.
In seinem Positionspapier Leistung aus Vielfalt hat der RfII 2016 nicht nur auf 
die generelle Bedeutung von Forschungsdatenmanagement und Informations infrastrukturen für die Wissenschaftsentwicklung in Deutschland hingewiesen. 
Er hat auch einen kurzen vergleichenden Blick auf Nachbarstaaten geworfen.1
Dabei zeigte sich, dass schon die Ausgangslagen und Randbedingungen (Bil dungssystem, Finanzierung, Recht, Politik, Forschungsadministration, Marktan bindung von Wissenschaft etc.) sich von Land zu Land stark unterscheiden, und 
somit ein Vergleich von Forschungspolitik – und insbesondere von Forschungs dateninfrastrukturpolitik – äußerst schwer zu leisten ist.
Als genereller Befund lässt sich eine Ungleichheit und Ungleichzeitigkeit der In formationsinfrastrukturentwicklungen sowohl in den Staaten Europas als auch 
weltweit festhalten. Ebenso kann das internationale Umfeld als dynamisch be zeichnet werden – wobei hier vor allem die Technologieentwicklung im engeren 
Sinn sowie die Weiterentwicklung von Forschungsmethoden (einschließlich der 
Veränderung von Wissenschaftlernetzwerken/Community-Strukturen, Publikati onskulturen etc.) äußerst rasch voranschreiten. Neue Datenprozessierungs- und 
Kommunikationstechnologien ziehen Umbrüche und disruptive Neuerungen 
nach sich, die auch über Staatengrenzen hinweg Forschungsprozesse verändern.},
	author = {{Rat für Informationsinfrastrukturen}},
	year = {2017},
	keywords = {Q2},
}

@misc{noauthor_piles_2017,
	title = {From piles of material to patchwork: {How} do we embed the production of usable collections data into library work? – {Open} {Objects}},
	shorttitle = {From piles of material to patchwork},
	url = {https://www.openobjects.org.uk/2017/03/piles-material-patchwork-embed-production-usable-collections-data-library-work/},
	abstract = {These notes were prepared for a panel discussion at the 'Always Already Computational: Collections as Data' (\#AACdata) workshop, held in Santa Barbara in March 2017. While my latest thinking on the gap between the scale of collections and the quality of data about them is informed by my role in the Digital Scholarship team at the British Library, I've also drawn on work with catalogues and open cultural data at Melbourne Museum, the Museum of London, the Science Museum and various fellowships. My thanks to the organisers and the Institute of Museum and Library Services for the opportunity to attend. My position paper was called 'From libraries as patchwork to datasets as assemblages?' but in hindsight, piles and patchwork of material seemed a better analogy.

The invitation to this panel asked us to share our experience and perspective on various themes. I'm focusing on the challenges in making collections available as data, based on years of working towards open cultural data from within various museums and libraries. I've condensed my thoughts about the challenges down into the question on the slide: How do we embed the production of usable collections data into library work?},
	language = {en-GB},
	urldate = {2023-02-20},
	journal = {Open Objects},
	month = mar,
	year = {2017},
	keywords = {Q2},
}

@misc{mia_ridge_position_2017,
	title = {Position paper: {From} libraries as patchwork to datasets as assemblages? - mia ridge},
	shorttitle = {Position paper},
	url = {https://www.miaridge.com/position-paper-libraries-patchwork-datasets-assemblages/},
	abstract = {The British Library's collections are vast, and vastly varied, with 180-200 million items in most known languages. Within that, there are important, growing collections of manuscript and sound archives, printed materials and websites, each with its own collecting history and cataloguing practices. Perhaps 1-2\% of these collections have been digitised, a process spanning many years and many distinct digitisation projects, and an ensuing patchwork of imaging and cataloguing standards and licences. This paper represents my own perspective on the challenges of providing access to these collections and others I've worked with over the years.},
	language = {en-GB},
	urldate = {2023-02-20},
	journal = {Mia Ridge},
	author = {{Mia Ridge}},
	month = mar,
	year = {2017},
	keywords = {Q2},
}

@misc{noauthor_glam_nodate,
	title = {{GLAM} digital – {Datenkompetenzen} für {Kulturerbe}-{Einrichtungen}},
	url = {https://nfdi4culture.de/de/aktuelles/nachrichten/glam-digital-data-skills-for-cultural-heritage-institutions.html},
	abstract = {Das diesjährige Forum der Cultural Research Data Academy (CRDA) widmete sich dem Thema "GLAM digital – Datenkompetenzen für Kulturerbe-Einrichtungen". Damit war es das erste Forum des NFDI4Culture-Konsortiums, welches explizit die umfangreiche wie diverse Gruppe der sogenannten GLAM-Institutionen (Galleries, Libraries, Archives, Museums) adressierte.

An insgesamt zwei Tagen im hessischen Marburg fokussierte die Hybridveranstaltung zahlreiche Themenkomplexe rund um die Schlüsselworte "digital" und "Datenkompetenz". Vertreter:innen verschiedenster Einrichtungen waren anwesend, von Hochschulvertreter:innen, über Archivar:innen und Museumsmitarbeiter:innen. Diese breit gefächerte Expertise der Redner:innen und des in Präsenz wie digital anwesenden Publikums, sorgte für interessante Fragen und angeregte Diskussionen.},
	urldate = {2023-02-20},
	journal = {NFDI4Culture},
	keywords = {Q2},
}

@misc{noauthor_nfdi4culture_nodate,
	title = {{NFDI4Culture}},
	url = {https://nfdi4culture.de/de/index.html},
	urldate = {2023-02-20},
	journal = {NFDI4Culture},
	keywords = {Q2},
}

@misc{noauthor_clarin-d_nodate,
	title = {{CLARIN}-{D} : research infrastructure for the humanities and social sciences},
	url = {https://www.clarin-d.net/en/},
	urldate = {2023-02-20},
	keywords = {Q2},
}

@misc{noauthor_dariah_nodate,
	title = {{DARIAH} {\textbar} {Digital} {Research} {Infrastructure} for the {Arts} and {Humanities}},
	url = {https://www.dariah.eu/},
	language = {en-GB},
	urldate = {2023-02-20},
	keywords = {Q2},
}

@book{rat_fur_informationsinfrastrukturen_leistung_2016,
	title = {Leistung aus {Vielfalt}: {Empfehlungen} zu {Strukuren}, {Prozessen} und {Finanzierung} des {Forschungsdatenmanagements} in {Deutschland}},
	url = {https://rfii.de/de/themen/#},
	abstract = {Der digitale Wandel hat Forschungsdaten und Forschungsmethoden erfasst, er 
verändert die Wissenschaft grundlegend. Der Umbruch verläuft unübersicht lich und hat eine dramatische Geschwindigkeit. Ihn gut zu steuern, stellt für 
Politik und Wissenschaft eine große Herausforderung dar. Der Prozess der Digi talisierung birgt Chancen. Er muss aber aktiv und auch durchgreifend gestaltet 
werden, um diese Chancen effizient zu nutzen. Ein leistungsfähiges Manage ment von Forschungsdaten ist hierfür grundlegend wichtig, es ist der Schlüssel 
für Wissenschaft und für Innovation.
Mit seinem Positionspapier „Leistung aus Vielfalt“ spricht der Rat für Informa tionsinfrastrukturen (RfII) Empfehlungen aus, die zukunftsfähige Bedingungen 
für das Management von Forschungsdaten schaffen sollen. Gemäß dem durch 
die GWK erteilten Auftrag an den RfII betreffen diese Empfehlungen das Ge samtsystem von Wissenschaft in Deutschland. Ebenso sprechen sie verschie dene Akteure an – in der Politik wie in der Wissenschaft selbst. Aus Sicht des 
RfII wird es eine herausfordernde gemeinschaftliche Aufgabe sein, neue For men des Umgangs mit Forschungsdaten sowie ihre Bewahrung und Nutzbar machung für die Zukunft zu gestalten. 
Das Positionspapier äußert sich zunächst zur Ausgangslage und zu existieren den wissenschaftspolitischen Spannungsfeldern. Aus Sicht des RfII ist der Um gang mit digitalen Forschungsdaten1 in Deutschland trotz einiger guter Bei spiele bislang noch durch überwiegend schwach koordinierte, projektförmige 
Initiativen geprägt. Eine Grundversorgung der Forschenden mit niedrigschwel ligen Services für das Forschungsdatenmanagement fehlt, es bleibt derzeit bei 
Anstrengungen einzelner Institutionen und Organisationen. Kleinteiligkeit und 
befristete Finanzierung schaffen Effizienzprobleme. Mit hoher Personalfluktu ation sind erhebliche Kompetenzverluste verbunden. Durch fehlende strategi sche Aufstellung werden Leistungsbereiche eingeschränkt, und im Hinblick auf 
wichtige Dimensionen wie Qualitätssicherung, Klärung von Rechtsfragen, Da tenschutz und Datensicherheit drohen Nachteile im internationalen Wettbe werb. So besteht Handlungsbedarf in etlichen Feldern.},
	author = {{Rat für Informationsinfrastrukturen}},
	year = {2016},
	keywords = {Q2},
}

@book{rat_fur_informationsinfrastrukturen_nutzung_2021,
	title = {Nutzung und {Verwertung} von {Daten} im {Wissenschaftlichen} {Raum}: {Empfehlungen} zur {Ausgestaltung} von {Datendiensten} an der  {Schnittstelle} zwischen {Wissenschaft} und {Wirtschaft}},
	url = {https://rfii.de/de/themen/#},
	abstract = {Datendienste haben für die Forschung wichtige Funktionen. Bei fortschreitender 
Digitalisierung der wissenschaftlichen Arbeit werden sie zu unverzichtbaren 
Grundvoraussetzungen für den Erkenntnisgewinn. Sie ermöglichen Zugang zu 
Daten, verknüpfen, verarbeiten (z.B. analysieren) und archivieren Daten. Dabei 
können Datendienste unterschiedlichen Zielsetzungen und Zwecken dienen 
beziehungsweise für unterschiedliche Zielgruppen (wissenschaftliche Fach gemeinschaften, Domänen aber auch öffentliche und private Unternehmen) 
aufgebaut sein und verwendet werden.
Der RfII unterscheidet Zwecke der Nutzung, der Verwertung und der Vermark tung von Daten, die Einfluss auf Strukturen, Zugänge und letztlich auf Betriebs und Geschäftsmodelle der Dienste haben. Je nach Ausgestaltung der Dienste, 
ihrer Geschäftsmodelle und ihrer Angebote können sich aus derartigen Infra strukturen für die Wissenschaft unterschiedliche Folgewirkungen ergeben. Der 
Zusammenhang der konkreten Ausgestaltung einschließlich des „Wirtschaftens“ 
von Datendiensten mit der Entwicklung digitaler Forschung wird im gegenwär tigen Forschungshandeln noch kaum reflektiert.
Um an dieser Stelle mehr Licht ins Dunkel zu bringen, hat sich der RfII gut 
vierzig Datendienste an den Schnittstellen zwischen Wissenschaft, Wirtschaft, 
Zivilgesellschaft und Verwaltung angesehen. Exemplarisch kamen dabei sechs 
breitgefächerte Domänen in den Blick: die Erd- und Umweltwissenschaften, die 
Naturwissenschaften, die Lebenswissenschaften, die Sozial-, Verhaltens- und 
Wirtschaftswissenschaften, die Geistes- und Kulturwissenschaften sowie hete rogene Datenspeicher, die mit den sogenannten „Long-Tail-Daten“ umgehen.
Die in den Domänen ausgewählten Dienste wurden als Fallbeispiele – ohne 
Anspruch auf Repräsentativität – dahingehend analysiert, ob ihre jeweiligen 
Betriebs- und Geschäftsmodelle Auswirkungen auf das wissenschaftliche Ar beiten mit „ihren“ Daten haben – z.B. (kosten-)freie Zugänglichkeit oder Archi vierungsmöglichkeiten, die dauerhaft einen offenen und qualitätsgesicherten 
Zugang für Wissenschaftlerinnen und Wissenschaftler ermöglichen.
Im Ergebnis kann festgestellt werden, dass sich die Frage danach, wie wissen schaftskonform oder auch der Forschung zuträglich spezifische Betriebs- oder 
Geschäftsmodelle von Datendiensten sind, nicht pauschal beantworten lässt 
– weder für einzelne Domänen, noch für die Wissenschaft insgesamt. Auch auf 
die Frage, ob im Sinne eines nachhaltigen Datenökosystems für die Wissenschaft 
Dienste besser öffentlich, besser in privater Trägerschaft (also: kommerziell 
ausgerichtet) oder besser in Public-Private-Partnership angeboten werden 
sollten, gibt es keine einfache Antwort.},
	author = {{Rat für Informationsinfrastrukturen}},
	year = {2021},
	keywords = {Q2},
}

@article{drysdale_research_2019,
	title = {Research {Data} {Management} in a {Cultural} {Heritage} {Organisation}},
	volume = {14},
	copyright = {Copyright (c) 2020 Tom Drysdale},
	issn = {1746-8256},
	url = {http://www.ijdc.net/article/view/647},
	doi = {10.2218/ijdc.v14i1.647},
	abstract = {Research is a core function of cultural heritage organisations. Inevitably, the undertaking of research by galleries, libraries, archives and museums (the GLAM sector) leads to the creation of vast quantities of research data. Yet despite growing recognition that research data must be managed if it is to be exploited effectively, and in spite of increasing understanding of research data management practices and needs, particularly in the higher education sector, knowledge of research data management in cultural heritage organisations remains extremely limited. This paper represents an attempt to address the limited awareness of research data management in the cultural heritage sector. It presents the results of a data management audit conducted at Historic Royal Palaces (HRP) in 2018. The study reveals that research data management at HRP is underdeveloped, while highlighting some causes for optimism. The results of the study are compared to the results of similar studies conducted in UK higher education institutions (HEIs), highlighting the many discrepancies in the ways that research data is managed at HRP and in the HE sector. Recognition of these differences and similarities, it is argued, is necessary for the development of better research data management practices and tools for the heritage sector.},
	language = {en},
	number = {1},
	urldate = {2023-02-20},
	journal = {International Journal of Digital Curation},
	author = {Drysdale, Tom},
	month = dec,
	year = {2019},
	keywords = {digital curation, Q2, curation, DCC, digital preservation, IJDC, International Journal of Digital Curation, preservation},
	pages = {199--227},
}

@article{hilburger_collaborating_2021,
	title = {Collaborating with {GLAM} {Institutions}},
	volume = {11},
	issn = {1918-3666},
	url = {https://www.digitalstudies.org/article/id/7370/},
	doi = {10.16995/dscn.377},
	abstract = {{\textless}p{\textgreater}This essay cluster features three essays by students which reflect on their experiences developing digital scholarly resources in collaboration with the GLAM sector (the acronym for galleries, libraries, archives, and museums). Each essay focuses on a particular project: a digital exhibit of Redpath Museum’s precious seahorse collection, a digital collection of Renaissance books published by the printer-publisher Aldus Manutius held at Simon Fraser University Library Special Collections, and a digital exhibit of Victorian-era Pre-Raphaelite books hosted by the University of Victoria Library. In describing these projects, these essays reveal emerging models of digital pedagogy involving collaboration among students, faculty, and librarians. Lisa Goddard and Rebecca Dowson, academic librarians specialized in digital scholarship from the University of Victoria and Simon Fraser University, respond to these essays, offering their perspective on what student–GLAM collaborations add to the mission of academic libraries.{\textless}/p{\textgreater}{\textless}p{\textgreater} {\textless}/p{\textgreater}{\textless}p{\textgreater}{\textless}strong{\textgreater}Résumé{\textless}/strong{\textgreater}{\textless}/p{\textgreater}{\textless}p{\textgreater}Ce regroupement de dissertation se compose de trois dissertations écrites par des étudiants qui réfléchissent à leurs expériences acquises en développant des ressources universitaires numériques en collaboration avec le secteur GLAM (l’acronyme anglais pour {\textless}em{\textgreater}Galleries, Libraries, Archives and Museums{\textless}/em{\textgreater}, ou Galeries, Bibliothèques, Archives et Musées). Chaque dissertation se focalise sur un projet particulier : sur une exposition numérique de la collection précieuse d’hippocampes du Musée Redpath ; sur une collection numérique de livres de la Renaissance publiés par l’imprimeur-éditeur Aldus Manutius, ce qui se trouve dans les Collections Spéciales de la Bibliothèque de l’Université Simon Fraser ; et sur une exposition numérique de livres Pré-Raphaelite venant de l’époque victorienne qui a eu lieu à la Bibliothèque de l’Université de Victoria. En décrivant ces projets, ces dissertations révèlent des modèles émergents de pédagogie numérique qui nécessitent la collaboration entre des étudiants, des membres de faculté et des bibliothécaires. Lisa Goddard et Rebecca Dowson, des bibliothécaires académiques qui se spécialisent dans l’érudition numérique de l’Université de Victoria et de l’Université Simon Fraser, répondent à ces dissertations, en donnant leur perspective sur ce que les collaborations étudiant-GLAM contribuent à la mission des bibliothèques académiques.{\textless}/p{\textgreater}{\textless}p{\textgreater} {\textless}/p{\textgreater}{\textless}p{\textgreater}{\textless}strong{\textgreater}Mots-clés:{\textless}/strong{\textgreater} institutions GLAM; humanités numériques (DH); exposition numérique; curation numérique; métadonnées descriptives; pédagogie numérique{\textless}/p{\textgreater}},
	language = {en},
	number = {Special Collection: Student Researchers within the DPN},
	urldate = {2023-02-20},
	journal = {Digital Studies / Le champ numérique},
	author = {Hilburger, Christina and Langille, Donna and Nelson, Melissa and Bordini, Alessandra and Greenhill, Josie Ann and Dowson, Rebecca and Goddard, Lisa},
	month = may,
	year = {2021},
	keywords = {Q2},
}

@article{kennan_where_2019,
	title = {Where is the {I}(nformation) in {GLAM}? {Education}, {Knowledge} and {Skill} {Requirements} of {Professionals} {Working} in {GLAM} {Sector} {Institutions}},
	volume = {68},
	issn = {2475-0158},
	shorttitle = {Where is the {I}(nformation) in {GLAM}?},
	url = {https://doi.org/10.1080/24750158.2019.1613708},
	doi = {10.1080/24750158.2019.1613708},
	abstract = {This paper presents findings of a qualitative investigation of the employer-identified knowledge and skills required of professionally trained staff in the galleries, libraries, archives and museums (GLAM) sectors. Six group interviews and six individual interviews were conducted with Directors or their representatives from GLAM institutions in major and regional cities in Australia. The interviews were analysed according to the institution type, and the knowledge and skills discussed. The findings are situated within a wider conversation about the convergence of GLAM institutions, proposing that LIS education programs may have an opportunity to adapt their current courses to meet the needs for collaborative skills and knowledge in this sector.},
	number = {3},
	urldate = {2023-02-20},
	journal = {Journal of the Australian Library and Information Association},
	author = {Kennan, Mary Anne and Lymn, Jessie},
	month = jul,
	year = {2019},
	keywords = {archives, Q2, galleries, GLAM education, LAM education, libraries, museums},
	pages = {236--253},
}

@misc{noauthor_universitatsbibliothek_nodate,
	title = {Universitätsbibliothek {Marburg} - {Linked} data for libraries, archives and museums : how to clean, link and publish your metadata},
	url = {https://hds.hebis.de/ubmr/Record/HEB501811370},
	urldate = {2023-02-20},
	journal = {Universitätsbibliothek Marburg},
	keywords = {Q2},
}

@article{carroll_care_2020,
	title = {The {CARE} {Principles} for {Indigenous} {Data} {Governance}},
	volume = {19},
	copyright = {Authors who publish with this journal agree to the following terms:    Authors retain copyright and grant the journal right of first publication with the work simultaneously licensed under a  Creative Commons Attribution License  that allows others to share the work with an acknowledgement of the work's authorship and initial publication in this journal.  Authors are able to enter into separate, additional contractual arrangements for the non-exclusive distribution of the journal's published version of the work (e.g., post it to an institutional repository or publish it in a book), with an acknowledgement of its initial publication in this journal.  Authors are permitted and encouraged to post their work online (e.g., in institutional repositories or on their website) prior to and during the submission process, as it can lead to productive exchanges, as well as earlier and greater citation of published work (See  The Effect of Open Access ).  All third-party images reproduced on this journal are shared under Educational Fair Use. For more information on  Educational Fair Use , please see  this useful checklist prepared by Columbia University Libraries .   All copyright  of third-party content posted here for research purposes belongs to its original owners.  Unless otherwise stated all references to characters and comic art presented on this journal are ©, ® or ™ of their respective owners. No challenge to any owner’s rights is intended or should be inferred.},
	issn = {1683-1470},
	url = {http://datascience.codata.org/articles/10.5334/dsj-2020-043/},
	doi = {10.5334/dsj-2020-043},
	abstract = {Concerns about secondary use of data and limited opportunities for benefit-sharing have focused attention on the tension that Indigenous communities feel between (1) protecting Indigenous rights and interests in Indigenous data (including traditional knowledges) and (2) supporting open data, machine learning, broad data sharing, and big data initiatives. The International Indigenous Data Sovereignty Interest Group (within the Research Data Alliance) is a network of nation-state based Indigenous data sovereignty networks and individuals that developed the ‘CARE Principles for Indigenous Data Governance’ (Collective Benefit, Authority to Control, Responsibility, and Ethics) in consultation with Indigenous Peoples, scholars, non-profit organizations, and governments. The CARE Principles are people– and purpose-oriented, reflecting the crucial role of data in advancing innovation, governance, and self-determination among Indigenous Peoples. The Principles complement the existing data-centric approach represented in the ‘FAIR Guiding Principles for scientific data management and stewardship’ (Findable, Accessible, Interoperable, Reusable). The CARE Principles build upon earlier work by the Te Mana Raraunga Maori Data Sovereignty Network, US Indigenous Data Sovereignty Network, Maiam nayri Wingara Aboriginal and Torres Strait Islander Data Sovereignty Collective, and numerous Indigenous Peoples, nations, and communities. The goal is that stewards and other users of Indigenous data will ‘Be FAIR and CARE.’ In this first formal publication of the CARE Principles, we articulate their rationale, describe their relation to the FAIR Principles, and present examples of their application.},
	language = {en},
	number = {1},
	urldate = {2022-07-28},
	journal = {Data Science Journal},
	author = {Carroll, Stephanie Russo and Garba, Ibrahim and Figueroa-Rodríguez, Oscar L. and Holbrook, Jarita and Lovett, Raymond and Materechera, Simeon and Parsons, Mark and Raseroka, Kay and Rodriguez-Lonebear, Desi and Rowe, Robyn and Sara, Rodrigo and Walker, Jennifer D. and Anderson, Jane and Hudson, Maui},
	month = nov,
	year = {2020},
	note = {Number: 1
Publisher: Ubiquity Press},
	keywords = {data governance, data principles, data sovereignty, FAIR principles, Indigenous},
	pages = {43},
	file = {Full Text PDF:/Users/stefan/Zotero/storage/7UP7YSSR/Carroll et al. - 2020 - The CARE Principles for Indigenous Data Governance.pdf:application/pdf;Snapshot:/Users/stefan/Zotero/storage/BP7YYRBV/dsj-2020-043.html:text/html},
}

@misc{die_beauftragte_der_bundesregierung_fur_kultur_und_medien_bkm_kulturen_2021,
	title = {Kulturen im digitalen {Wandel}. {Perspektiven} des {Bundes} für {Vermittlung}, {Vernetzung} und {Verständigung}},
	url = {https://www.bundesregierung.de/resource/blob/974430/1951046/a208dc4a4f80d5a78029eeb78198bc91/2021-08-16-bkm-kulturen-im-digitalen-wandel-data.pdf?download=1},
	urldate = {2022-07-20},
	author = {{Die Beauftragte der Bundesregierung für Kultur und Medien (BKM)}},
	year = {2021},
	file = {Die Beauftragte de Bundesregierung für Kultur und Medien (BKM) - 2021 - Kulturen im digitalen Wandel. Perspektiven des Bun.pdf:/Users/stefan/Zotero/storage/P52UVY2X/Die Beauftragte de Bundesregierung für Kultur und Medien (BKM) - 2021 - Kulturen im digitalen Wandel. Perspektiven des Bun.pdf:application/pdf},
}

@book{cantwell_digital_2021,
	edition = {1st},
	title = {Digital {Humanities} and {Research} {Methods} in {Religious} {Studies}: {An} {Introduction}},
	isbn = {110571609, 978-3110571608},
	url = {https://www.degruyter.com/document/doi/10.1515/9783110573022/html},
	language = {Englisch},
	publisher = {De Gruyter},
	author = {Cantwell, Christopher D. and Petersen, Kristian},
	month = feb,
	year = {2021},
}

@book{mizruchi_libraries_2020,
	title = {Libraries and {Archives} in the {Digital} {Age}},
	isbn = {3-030-33372-8 978-3-030-33372-0},
	language = {Englisch},
	publisher = {Palgrave Macmillan},
	author = {Mizruchi, Susan L.},
	month = mar,
	year = {2020},
}

@book{dorothy_alternative_2021,
	title = {Alternative {Historiographies} of the {Digital} {Humanities}},
	isbn = {1-953035-57-4 978-1-953035-57-8},
	url = {https://library.oapen.org/handle/20.500.12657/49672},
	language = {Englisch},
	publisher = {Punctum Books},
	author = {Dorothy, Kim and Koh, Adeline},
	month = jun,
	year = {2021},
}

@book{hawkins_access_2021,
	title = {Access and {Control} in {Digital} {Humanities}},
	isbn = {1-03-200439-8 978-1-03-200439-6},
	language = {Englisch},
	publisher = {Routledge},
	author = {Hawkins, Shane},
	month = may,
	year = {2021},
}

@book{jones_emergence_2013,
	title = {The {Emergence} of the {Digital} {Humanities}},
	isbn = {0-415-63552-7 978-0-415-63552-3},
	language = {Englisch},
	publisher = {Routledge},
	author = {Jones, Steven E.},
	month = aug,
	year = {2013},
}

@book{millson-martula_digital_2020,
	title = {The {Digital} {Humanities}: {Implications} for {Librarians}, {Libraries}, and {Librarianship}},
	isbn = {0-367-66354-6 978-0-367-66354-4},
	language = {Englisch},
	publisher = {Routledge},
	author = {Millson-Martula, Christopher and Gunn, Kevin B.},
	month = sep,
	year = {2020},
}

@book{schwandt_digital_2021-1,
	title = {Digital methods in the humanities: challenges, ideas, perspectives},
	isbn = {978-3-8394-5419-0},
	shorttitle = {Digital methods in the humanities},
	url = {https://www.transcript-verlag.de/978-3-8376-5419-6/digital-methods-in-the-humanities/?number=978-3-8394-5419-0},
	language = {English},
	publisher = {transcript},
	editor = {Schwandt, Silke},
	year = {2021},
	note = {OCLC: 1227481085},
}

@book{gold_debates_2012,
	title = {Debates in the {Digital} {Humanities}},
	isbn = {0-8166-7795-6 978-0-8166-7795-5},
	url = {https://muse.jhu.edu/book/65227/},
	language = {Englisch},
	publisher = {University of Minnesota Press},
	author = {Gold, Matthew K.},
	month = jan,
	year = {2012},
}

@book{terras_defining_2013,
	title = {Defining {Digital} {Humanities}: {A} {Reader}},
	isbn = {978-1-4094-6963-6 978-1-4094-6963-6},
	language = {Englisch},
	publisher = {‎Routledge},
	author = {Terras, Melissa},
	month = dec,
	year = {2013},
}

@book{chambers_digital_2022,
	title = {Digital {Humanities}: {An} {Introduction} for {Librarians}},
	isbn = {‎ 1783301309, 978-1783301300},
	language = {Englisch},
	publisher = {‎ Facet Publishing},
	author = {Chambers, Sally},
	month = feb,
	year = {2022},
}

@book{schreibman_new_2016,
	edition = {2nd},
	series = {Blackwell {Companions} to {Literature} and {Culture}},
	title = {A {New} {Companion} to {Digital} {Humanities}},
	isbn = {1-118-68064-2 978-1-118-68064-3},
	language = {Englisch},
	publisher = {Wiley-Blackwell},
	author = {Schreibman, Susan and Siemens, Ray and Unsworth, John},
	month = jan,
	year = {2016},
}

@book{hoth_digital_2019,
	title = {Digital {Art} through the {Looking} {Glass}: {New} strategies for archiving, collecting and preserving in digital humanities},
	isbn = {3-903150-51-7 978-3-903150-51-5},
	url = {https://mediarep.org/handle/doc/14282},
	language = {Englisch},
	publisher = {Edition Donau-Universität Krems},
	author = {Hoth, Janina and Wandl-Vogt, Eveline},
	month = dec,
	year = {2019},
}

@book{borner_germanistik_2018,
	title = {Germanistik digital. {Digital} {Humanities} in der {Sprach}- und {Literaturwissenschaft}},
	isbn = {3-7089-1719-7 978-3-7089-1719-1},
	language = {Deutsch},
	publisher = {Facultas},
	author = {Börner, Ingo and Straub, Wolfgang and Zolles, Christian},
	month = jul,
	year = {2018},
}

@book{zweig_algorithmus_2019,
	title = {Ein {Algorithmus} hat kein {Taktgefühl}: {Wo} künstliche {Intelligenz} sich irrt, warum uns das betrifft und was wir dagegen tun können},
	isbn = {3-453-20730-0 978-3-453-20730-1},
	language = {Deutsch},
	publisher = {Heyne Verlag},
	author = {Zweig, Katharina A.},
	month = oct,
	year = {2019},
}

@book{grimm_digitale_2019,
	title = {Digitale {Ethik}: {Leben} in vernetzten {Welten}. {Kompaktwissen} {XL}},
	isbn = {3-15-015240-2 978-3-15-015240-9},
	language = {Deutsch},
	publisher = {Reclam},
	author = {Grimm, Petra and Keber, Tobias O. and Zöllner, Oliver},
	month = sep,
	year = {2019},
}

@book{spiekermann_digitale_2019,
	title = {Digitale {Ethik}: {Ein} {Wertesystem} für das 21. {Jahrhundert}},
	isbn = {3-426-27736-0 978-3-426-27736-2},
	language = {Deutsch},
	publisher = {Droemer HC},
	author = {Spiekermann, Sarah},
	month = apr,
	year = {2019},
}

@book{zweig_sozioinformatik_2021,
	title = {Sozioinformatik: {Ein} neuer {Blick} auf {Informatik} und {Gesellschaft}},
	isbn = {3-446-45213-3 978-3-446-45213-8},
	language = {Deutsch},
	publisher = {Carl Hanser Verlag GmbH \& Co. KG},
	author = {Zweig, Katharina A. and Kraft, Tobias D. and Klingel, Anita},
	month = may,
	year = {2021},
}

@book{zweig_network_2016,
	edition = {1st},
	title = {Network {Analysis} {Literacy}: {A} {Practical} {Approach} to the {Analysis} of {Networks}},
	isbn = {3-7091-0740-7 978-3-7091-0740-9},
	language = {Englisch},
	publisher = {Springer},
	author = {Zweig, Katharina A.},
	month = oct,
	year = {2016},
}

@book{lerner_algorithmics_2009,
	series = {Lecture {Notes} in {Computer} {Science} / {Theoretical} {Computer} {Science} and ... {Notes} in {Computer} {Science}},
	title = {Algorithmics of {Large} and {Complex} {Networks}: {Design}, {Analysis}, and {Simulation}},
	isbn = {‎ 3642020933, 978-3642020933},
	language = {Englisch},
	number = {5515},
	publisher = {Springer},
	author = {Lerner, Jurgen and Wagner, Dorothea},
	month = aug,
	year = {2009},
}

@book{manovich_cultural_2020,
	title = {Cultural {Analytics}},
	isbn = {0-262-03710-6 978-0-262-03710-5},
	language = {Englisch},
	publisher = {The MIT Press},
	author = {Manovich, Lev},
	month = oct,
	year = {2020},
}

@book{drucker_visualization_2020,
	address = {Cambridge, Massachusetts},
	title = {Visualization and {Interpretation}: {Humanistic} {Approaches} to {Display}},
	isbn = {978-0-262-04473-8},
	url = {https://mitpress.mit.edu/books/visualization-and-interpretation},
	language = {Englisch},
	urldate = {2021-05-24},
	publisher = {MIT Press},
	author = {Drucker, Johanna},
	month = nov,
	year = {2020},
	keywords = {Digital Humanities, DH, Digitale Geisteswissenschaft, Digital Tools, Digitale Tools, Tools},
}

@book{kurz_digital_2016,
	edition = {2nd},
	title = {Digital {Humanities}: {Grundlagen} und {Technologien} für die {Praxis}},
	language = {Deutsch},
	publisher = {Springer Vieweg},
	author = {Kurz, Susanne},
	month = apr,
	year = {2016},
}

@book{gardiner_digital_2015,
	title = {The {Digital} {Humanities}: {A} {Primer} for {Students} and {Scholars}},
	isbn = {‎ 1107601029, 978-1107601024},
	language = {Englisch},
	publisher = {Cambridge University Press},
	author = {Gardiner, Eileen},
	month = jun,
	year = {2015},
}

@book{berry_digital_2017,
	edition = {1st},
	title = {Digital {Humanities}: {Knowledge} and {Critique} in a {Digital} {Age}},
	isbn = {0-7456-9766-6 978-0-7456-9766-6},
	language = {Englisch},
	publisher = {Polity},
	author = {Berry, David M.},
	month = apr,
	year = {2017},
}

@book{flanders_shape_2020,
	series = {Digital {Research} in the {Arts} and {Humanities}},
	title = {The {Shape} of {Data} in {Digital} {Humanities}: {Modeling} {Texts} and {Text}-{Based} {Resources}},
	isbn = {0-367-58403-4 978-0-367-58403-0},
	language = {Englisch},
	publisher = {Routledge},
	author = {Flanders, Julia},
	month = jun,
	year = {2020},
}

@book{brown_routledge_2020,
	address = {New York; London},
	title = {The {Routledge} companion to digital humanities and art history},
	isbn = {978-1-138-58558-4},
	url = {https://www.routledge.com/The-Routledge-Companion-to-Digital-Humanities-and-Art-History/Brown/p/book/9781138585584},
	language = {Englisch},
	urldate = {2021-05-24},
	publisher = {Routledge},
	author = {Brown, Kathryn},
	month = apr,
	year = {2020},
	keywords = {Geschichte, Digital Humanities, Art, Kunstwissenschaft, Neue Medien, Art History, Kunst, Kunstgeschichte},
}

@book{sayers_routledge_2020,
	title = {The {Routledge} {Companion} to {Media} {Studies} and {Digital} {Humanities}},
	isbn = {0-367-58068-3 978-0-367-58068-1},
	language = {Englisch},
	publisher = {Routledge},
	author = {Sayers, Jentery},
	month = jun,
	year = {2020},
}

@book{montfort_exploratory_2021,
	edition = {2nd},
	title = {Exploratory {Programming} for the {Arts} and {Humanities}},
	isbn = {0-262-04460-9 978-0-262-04460-8},
	language = {Englisch},
	publisher = {The MIT Press},
	author = {Montfort, Nick},
	month = may,
	year = {2021},
}

@book{schreibman_companion_2008,
	series = {Blackwell {Companions} to {Literature} and {Culture}},
	title = {A {Companion} to {Digital} {Humanities}},
	isbn = {‎ 1405168064, ‎ 978-1405168069},
	language = {Englisch},
	number = {26},
	publisher = {Wiley-Blackwell},
	author = {Schreibman, Susan},
	month = feb,
	year = {2008},
}

@book{crymble_technology_2021,
	title = {Technology and the {Historian}: {Transformations} in the {Digital} {Age}},
	isbn = {0-252-08569-8 978-0-252-08569-7},
	language = {Englisch},
	publisher = {University of Illinois Press},
	author = {Crymble, Adam},
	month = apr,
	year = {2021},
}

@book{dobson_critical_2019,
	address = {Urbana ; Chicago ; Springfield},
	title = {Critical digital humanities : the search for a methodology},
	isbn = {978-0-252-08404-1 978-0-252-04227-0},
	url = {https://www.press.uillinois.edu/books/catalog/48xfp2zp9780252042270.html},
	language = {Englisch},
	urldate = {2021-05-24},
	publisher = {University of Illinois Press},
	author = {Dobson, James E.},
	month = mar,
	year = {2019},
	keywords = {Digital Humanities, DH, Digitale Geisteswissenschaft, Methodoloy, Methologie},
}

@book{wilson_digital_2020,
	title = {Digital {Humanities} for {Librarians}},
	isbn = {1-5381-1645-6 978-1-5381-1645-6},
	language = {Englisch},
	publisher = {ROWMAN \& LITTLEFIELD},
	author = {Wilson, Emma Annette},
	month = jan,
	year = {2020},
}

@book{drucker_doing_2021,
	title = {Doing {More} {Digital} {Humanities}: {Open} {Approaches} to {Creation}, {Growth}, and {Development}},
	isbn = {0-367-56575-7 978-0-367-56575-6},
	url = {https://www.taylorfrancis.com/books/edit/10.4324/9780429353048/digital-humanities-constance-crompton-richard-lane-ray-siemens},
	language = {Englisch},
	publisher = {Routledge},
	author = {Drucker, Johanna},
	month = mar,
	year = {2021},
}

@book{cutler_computational_2020,
	edition = {1st},
	title = {Computational frameworks for political and social research with {Python}},
	isbn = {978-3-030-36825-8 (HC), 978-3-030-36828-9 (SC)},
	url = {https://www.springer.com/de/book/9783030368258},
	language = {Englisch},
	publisher = {Springer International Publishing},
	author = {Cutler, Josh and Dickenson, Matt},
	year = {2020},
	keywords = {Soziologie, Politikwissenschaften, Digital Humanities, DH, python, political research},
}

@book{nantke_annotations_2020,
	title = {Annotations in {Scholarly} {Editions} and {Research}: {Functions}, {Differentiation}, {Systematization}},
	copyright = {Open Access},
	isbn = {9783110689112 \& 9783110636017},
	shorttitle = {Annotations in {Scholarly} {Editions} and {Research}},
	url = {https://doi.org/10.1515/9783110689112},
	language = {englisch, deutsch},
	urldate = {2021-05-19},
	publisher = {De Grutyer},
	author = {Nantke, Julia and Schlupkothen, Frederik},
	month = oct,
	year = {2020},
}
